2660 4140
480 251 590 296 acnrvs
611 249 802 296 unucuarva
1093 245 1127 302 17

216 427 327 498 peritus
343 425 476 484 habetur.
502 427 561 484 Sed
575 444 643 484 num
659 431 691 484 tu
705 425 829 498 pedibus
845 428 902 486 huc
916 431 1074 501 pervenisti
1090 449 1128 490 an

217 525 333 579 vectore
357 521 453 594 aliquo
476 538 530 578 usa
553 518 603 578 es‘?

261 631 419 690 Canidia.
444 633 579 690 Vectore.

260 743 409 801 Rubeus.
435 743 475 800 At
497 742 548 801 ubi
570 743 716 802 hominem
738 745 890 817 reliquisti,
915 751 966 802 aut
988 753 1058 819 quot
1080 748 1127 806 ille

181 858 195 900 a
219 838 341 896 adduxit
364 854 461 910 equae,
486 843 519 894 ut
540 855 593 896 nos
617 855 729 910 queque
752 844 848 897 tecum
870 838 1010 898 revehat?

262 949 419 1008 Canidia.
443 949 544 1022 Neque
568 949 604 1007 ab
619 949 736 1007 homine
753 955 803 1007 aut
819 951 899 1023 equis
915 951 1038 1010 advecta
1054 971 1126 1010 snm.

261 1070 410 1128 Ruhcua
436 1069 512 1140 Quid
528 1067 592 1128 ais?
615 1070 754 1142 Nunquid
767 1070 893 1128 Daedali
908 1073 1002 1130 instar
1016 1074 1128 1132 alarum

217 1182 271 1223 usa
294 1182 325 1222 es
347 1162 492 1237 remigio?

262 1277 420 1335 Canidia.
444 1277 485 1334 Et
499 1293 535 1333 ne
551 1275 623 1333 illud
638 1275 767 1348 quidem3
785 1277 837 1334 sed
852 1294 964 1336 mecum
980 1280 1127 1339 civitatem

152 1383 238 1440 [utijb]
269 1371 440 1444 egredimini
462 1388 497 1428 ac
524 1369 607 1428 vobis
634 1369 752 1427 ubinam
774 1375 922 1429 vectorem
943 1367 945 1451 l
966 1390 1061 1430 meum
1084 1392 1128 1432 re-

217 1466 349 1538 liquerim
373 1465 538 1523 ostendere.

262 1568 413 1626 Rubeus.
438 1567 554 1639 Iprae,
580 1583 741 1640 sequemur.
766 1601 809 1608 —-

263 1679 422 1738 Canidia.
446 1679 494 1736 En
515 1683 672 1737 vectorem.

261 1791 412 1849 Rubeua
438 1791 514 1861 Quid
537 1790 589 1859 ais,
614 1788 762 1848 venefica?
786 1791 862 1848 Num
879 1809 984 1850 vervex
999 1793 1047 1851 ille
1062 1792 1127 1851 feti-

171 1907 199 1947 15
221 1887 272 1944 dus
297 1891 326 1943 et
348 1885 423 1942 male
447 1885 527 1942 olens
550 1889 580 1942 te
603 1882 740 1943 advexit?

261 1996 421 2055 Canidia.
446 1995 487 2052 Et
509 1995 629 2051 revehet
645 2011 766 2066 quaque.
791 1994 881 2052 Proin
904 1997 928 2052 si
948 2013 1061 2054 mecum
1081 2015 1127 2056 ve·

219 2093 281 2150 nire
303 2091 385 2160 libet,
409 2089 584 2147 festinanter
606 2089 739 2146 ascende.

260 2201 412 2260 Rubeua
437 2201 540 2273 Egone
563 2204 622 2257 tam
646 2199 771 2258 olentem
790 2199 902 2258 hircum
918 2200 1127 2260 ascenderem?

262 2313 423 2372 Canidia.
448 2313 487 2370 Vt
509 2312 593 2384 libet3
617 2313 647 2369 ni
670 2312 746 2368 enim
769 2317 800 2369 tu
823 2312 974 2382 ascendat,
998 2313 1056 2370 iam
1072 2330 1126 2386 ego

165 2429 196 2472 aa
219 2407 302 2467 abeo.

262 2509 412 2567 Rubeus.
437 2509 477 2564 At
500 2506 550 2564 ubi
572 2507 701 2564 medicus
725 2505 906 2565 remanebit?

263 2619 421 2678 Canidia.
447 2617 477 2676 Si
499 2617 604 2689 placet,
628 2615 761 2675 manibus
777 2617 917 2676 ambabus
933 2617 1045 2676 bestiae
1062 2635 1128 2676 cau-

219 2715 286 2773 dam
309 2713 518 2787 apprehendat.

261 2824 414 2882 Rubcus.
432 2825 489 2881 Pro
506 2824 592 2881 deum
608 2827 694 2896 atque
709 2823 857 2880 hominum
868 2821 965 2892 fidem,
982 2823 1038 2880 nisi
1051 2825 1128 2882 enim

167 2941 197 2983 25
220 2921 348 2978 Keckius
370 2924 472 2976 noster
493 2919 524 2975 in
545 2923 627 2975 tanto
652 2917 818 2974 discrimine
841 2918 1016 2975 constitutus
1040 2924 1127 2989 esset,

218 3031 362 3087 nunquam
377 3013 506 3086 periculo
523 3016 605 3070 tanto
621 3029 666 3070 me
683 3028 866 3084 exponerem.
891 3011 950 3070 Sed
960 3013 1129 3086 priusquam

219 3108 387 3178 ascendam,
415 3107 487 3166 illud
514 3105 616 3165 effare:
652 3110 733 3164 estne
761 3106 809 3164 hic
830 3105 1008 3164 Emseranus
1037 3108 1130 3180 capri-

220 3200 344 3261 cornus?

262 3313 421 3372 Canidia.
446 3313 576 3382 Minime,
601 3312 653 3370 sed
675 3311 768 3370 frater
789 3312 939 3384 patruelis.

167 3451 197 3494 ae
261 3434 413 3491 Rubeus.
439 3432 539 3490 Placet
555 3449 652 3504 omen,
676 3448 743 3488 nam
760 3449 823 3489 cum
838 3431 886 3489 ille
901 3435 1003 3490 noster
1018 3432 1064 3502 sit,
1081 3432 1129 3490 hic

219 3545 288 3585 vcro
304 3528 380 3585 illius
402 3527 641 3598 consanguineae,
666 3526 724 3582 iam
739 3524 830 3584 ferme
848 3525 999 3584 dimidium
1014 3527 1128 3583 timoris

219 3622 361 3680 abiecisse
383 3621 494 3679 videor.
524 3619 582 3678 Sed
606 3620 741 3693 quidnam
769 3637 856 3692 agere
885 3625 1002 3692 oportet
1025 3620 1127 3678 edoce.

197 3729 237 3760 Lat.
249 3728 428 3760 hittermnrdenkm.
439 3726 454 3758 2
956 3718 974 3770 2
