2660 4140
494 217 604 263 nemus
626 215 817 262 nunonurvs.
1101 205 1139 263 37

208 395 286 453 veris
308 394 445 464 lacrimis,
470 410 541 466 quas
564 399 594 451 et
616 393 714 465 opium
736 398 856 462 vocant,
884 409 943 450 non
970 393 1033 464 plus
1058 410 1143 465 quam

209 489 326 547 talentis
350 487 453 560 tribus,
476 488 535 544 vini
559 493 697 560 quantum
719 485 836 544 sufficit.

251 600 392 658 Euhius.
416 599 545 657 Nimium
567 599 690 656 videtur.

253 703 456 775 Chirurgus.
482 701 617 774 Confide;
645 702 700 759 hac
723 702 799 760 enim
821 702 949 759 mixtura
970 702 1034 774 plus
1058 718 1143 774 quam

179 804 324 860 euentum
351 797 482 854 homines
506 797 544 854 ad
565 796 697 854 Lethaea
720 796 833 854 detrusi
854 795 972 854 fluenta.

251 900 393 958 Eckius.
418 899 476 958 Sed
499 901 627 973 nunquid
650 900 730 958 aliud
751 901 854 970 faciet,
884 917 969 973 quam
992 901 1070 974 quod
1096 918 1142 959 so-

208 1013 310 1069 porem
333 992 471 1052 inducet?

252 1097 458 1171 Chirurges.
483 1098 631 1156 Vomitum
653 1098 781 1156 movebit
796 1099 907 1171 pariter
928 1103 958 1156 et
973 1098 1066 1156 alvum
1084 1099 1142 1156 dei·

207 1193 273 1251 ciet.
298 1192 356 1251 Sed
378 1193 436 1250 iam
459 1187 631 1272 φάρμακον
653 1191 776 1250 adferte.

166 1323 194 1365 m
251 1304 394 1362 Eokius.
411 1304 479 1373 Hui,
495 1303 693 1376 potiunculam
710 1303 836 1373 dicebas
863 1304 1003 1376 amphora
1018 1303 1141 1362 videtur.

253 1397 455 1470 Chirurgus
481 1397 556 1468 Quin
578 1404 610 1454 tu
634 1397 738 1455 clausis
755 1399 845 1456 oculis
862 1398 1055 1471 obturatoque
1071 1415 1142 1456 naso

210 1491 321 1551 sorbes.

252 1595 395 1653 Eckius.
420 1594 496 1653 Ohe!

253 1698 453 1771 Chirurges.
482 1697 637 1767 Ructatur,
666 1698 741 1756 bene
768 1703 821 1756 est.
850 1699 895 1757 Ne
918 1703 960 1768 te,
989 1703 1143 1770 postquam

168 1813 195 1854 15
209 1793 320 1862 bibisti,
345 1809 480 1850 evomere
502 1793 620 1864 pudeat.

252 1895 374 1952 Amici.
400 1894 466 1963 Pro,
492 1893 533 1952 dii
560 1895 752 1964 immortales
782 1895 851 1966 quid
873 1895 950 1952 inter
971 1895 1145 1952 vomendum

210 2006 246 2048 ex
269 2006 320 2048 ore
342 1985 471 2046 labitur?

253 2091 457 2164 Chirurgus.
489 2091 571 2148 Haec
605 2091 773 2148 dialectices
807 2096 837 2149 et
863 2091 1002 2163 physicae
1036 2090 1143 2148 ausiul-
1256 2129 1273 2149 ,.

208 2186 329 2245 tationis
352 2185 560 2243 commentaria
583 2191 657 2242 sunt.

164 2310 194 2352 ao
251 2289 372 2347 Amici.
397 2288 475 2346 Male
499 2293 640 2346 concocta
662 2288 805 2346 videntur.

252 2391 455 2463 Chirurgus.
480 2391 527 2448 Ita
548 2395 581 2446 ut
604 2390 731 2460 cernitis
756 2407 803 2447 res
827 2406 858 2446 se
881 2389 980 2446 habet.

252 2495 375 2553 Amici.
401 2494 459 2552 Sed
482 2499 513 2553 et
534 2495 651 2552 litterae
674 2495 860 2552 intermixtae
885 2499 951 2551 sunt
974 2493 1114 2552 Graecae.

253 2597 456 2672 Chirurgus.
481 2598 626 2670 Negativa
649 2603 694 2656 est
716 2598 873 2670 theologia.

251 2700 378 2757 Amici.
403 2700 510 2772 Papae,
535 2700 603 2772 quin
625 2699 746 2757 rubeum
770 2700 856 2758 eiecit
877 2698 1013 2756 biretum.

164 2822 194 2864 aa
253 2801 455 2875 Chirurgus.
485 2803 560 2859 Iuris
588 2803 721 2860 canonici
748 2802 918 2860 doctoratus
946 2805 1000 2858 est.
1029 2799 1144 2857 Videtis

207 2914 290 2966 nunc,
315 2913 401 2969 quam
416 2897 602 2954 vehementer
616 2896 690 2953 haec
706 2897 802 2954 omnia
825 2895 1007 2954 stomachum
1027 2911 1144 2967 oppres-

209 2988 328 3049 serunt?

251 3093 372 3151 Amici.
398 3092 563 3164 Cernimus,
592 3097 621 3152 et
647 3094 726 3151 haud
748 3094 860 3163 mirum,
886 3094 911 3150 si
933 3092 1143 3166 aegrotaverit,

208 3188 301 3260 magis
324 3188 496 3259 mirandum,
520 3205 576 3261 quo
599 3194 686 3261 pacto
709 3189 806 3247 vivere
829 3189 967 3260 potuerit.

164 3317 193 3360 eo
252 3297 453 3372 Chirurgus
478 3300 512 3357 In
528 3305 659 3374 tempore
676 3301 789 3359 adveni.
818 3299 876 3359 Sed
890 3317 966 3357 nuno
982 3299 1144 3357 medicinae

208 3393 251 3450 vis
275 3394 312 3452 ad
335 3393 476 3452 inferiora
499 3395 659 3454 descendit.
684 3392 838 3453 Audistis?
862 3395 924 3452 Iam
941 3395 1048 3452 oletum
1063 3391 1142 3451 iecit.

251 3505 373 3563 Amici.
399 3504 475 3575 Quin
497 3509 675 3566 concacavit.
700 3507 772 3577 Hui,
802 3512 925 3580 quantus
952 3505 1044 3565 fetor!
1067 3505 1144 3564 Num

207 3599 296 3658 bilem
319 3598 447 3675 egessit?
