2660 4140
488 246 599 291 neurus
621 245 812 292 0100111111.
1097 235 1132 289 11

225 436 284 476 11011
307 420 434 478 creditis
459 421 523 493 Ego
547 423 650 494 scripsi
672 423 730 480 iam
751 439 839 479 unum
865 422 1009 493 integrum
1035 437 1140 477 nevum

226 513 331 571 librum
355 515 390 572 de
413 515 495 573 vobis
519 521 549 574 ct
570 515 702 574 volebam
729 534 794 574 eum
809 522 928 589 portare
944 532 1063 584 mecum,
1089 515 1141 572 sed

228 608 277 666 illa
304 610 460 668 maledicta
487 611 584 668 vetule
610 612 652 670 sic
681 609 843 681 festinavit,
878 611 956 684 quod
989 627 1044 682 ego
1078 627 1140 667 sum
1231 601 1236 622 '

229 703 344 760 oblitus.

193 825 207 866 5
272 806 412 863 Eckius.
437 806 517 865 Bene
538 808 603 877 erit,
627 809 699 866 alias
715 809 794 866 illum
817 809 986 866 videbimus.
1012 806 1070 865 Sed
1086 813 1141 864 est·

228 917 265 958 ne
281 901 337 957 iste
352 901 490 970 medicus,
515 919 599 974 quem
614 903 770 976 Lipsenses
786 905 844 962 mei
867 904 965 963 adme
980 899 1140 960 miserunt?

272 1002 424 1060 Rubeus.
450 1004 509 1062 Iste
533 1011 586 1074 est,
611 1011 641 1063 et
663 1006 811 1064 iusserunt
832 1023 878 1063 me
905 1006 993 1063 etiam
1008 1005 1141 1078 magistri

228 1097 321 1156 nostri
336 1096 501 1170 Lipsenses‚
526 1100 604 1172 quod
626 1117 680 1172 ego
697 1100 789 1159 debeo
813 1117 865 1158 vos
880 1101 1000 1157 multum
1016 1100 1143 1156 salutare

229 1209 283 1266 pro
305 1197 389 1264 parte
413 1209 512 1250 eorum
535 1199 566 1252 et
588 1195 666 1267 qued
681 1195 781 1253 dolent
796 1195 888 1264 valde,
916 1195 993 1267 quod
1016 1194 1057 1251 sic
1073 1195 1143 1251 estis

181 1306 209 1348 10
230 1286 370 1345 infirmus.

274 1383 417 1441 Eckius
442 1383 535 1442 Solita
564 1390 653 1456 agunt
679 1384 873 1453 humanitate,
908 1401 1007 1441 verum
1034 1385 1143 1440 nullum

232 1477 338 1536 medici
359 1495 430 1550 prae
454 1496 485 1536 se
508 1478 567 1536 fert
589 1481 748 1551 specimcn3
772 1496 831 1536 11011
854 1478 930 1536 enim
952 1495 1066 1546 aureos,
1091 1478 1144 1536 sed

233 1578 388 1644 argenteos
415 1573 446 1630 in
474 1573 572 1645 digitis
600 1578 698 1645 gestat
724 1574 840 1644 anulos,
869 1577 1002 1631 catenam
1024 1573 1144 1644 insuper

234 1667 363 1726 eiusdem
385 1668 495 1726 metalli
518 1685 536 1726 a
559 1669 632 1726 10110
660 1668 820 1740 suspendit.

182 1787 211 1829 15
276 1769 426 1828 Rubeus
450 1771 517 1843 lpse
533 1776 578 1828 est
591 1766 778 1849 χειρουργός,
803 1789 870 1829 nam
891 1775 1013 1843 propter
1031 1775 1144 1842 pestem

234 1865 284 1924 alii
310 1866 416 1924 medici
442 1867 533 1923 multa
554 1867 673 1938 negotia
699 1865 848 1924 habebant
877 1865 974 1924 faeere
1003 1870 1033 1921 et
1058 1881 1144 1936 prep-

234 1965 317 2018 terea
344 1977 404 2017 11011
429 1965 568 2032 poterant
596 1961 708 2032 venire3
743 1965 811 2017 tunc
845 1960 901 2031 ipsi
927 1961 1069 2016 miserunt
1091 1959 1145 2015 tibi

235 2055 333 2124 istum,
358 2059 388 2111 et
410 2055 497 2113 crede
519 2055 599 2124 mibi,
624 2055 701 2127 quod
723 2055 787 2126 ipse
810 2059 856 2111 est
870 2054 944 2111 bene
961 2059 1098 2124 expertus
1114 2054 1145 2110 in

235 2166 289 2207 sua
312 2155 383 2206 arte.

184 2271 214 2313 20
279 2252 422 2310 Eckius
446 2254 527 2311 Ades
551 2254 631 2323 dum,
655 2251 822 2333 χειρουργέ,
846 2268 914 2308 num
937 2252 1010 2308 alios
1034 2267 1147 2323 quoquc

235 2347 367 2405 homines
391 2346 519 2406 curasti?

281 2450 486 2522 Chirurgus.
511 2450 580 2507 Plus
603 2465 687 2521 quam
709 2441 860 2526 μυριάδα.

280 2553 422 2610 Eckius.
447 2552 559 2625 Papae!
582 2551 720 2624 Nunquid
742 2567 841 2609 omnes
864 2551 1005 2622 pristinae
1029 2549 1148 2606 sanitati

237 2649 367 2707 restituti
394 2645 480 2706 sunt?

188 2771 218 2814 25
285 2751 486 2823 Chirurgus.
515 2749 624 2821 Magna
650 2748 765 2806 illorum
792 2765 860 2820 pars
888 2748 930 2805 ita
957 2750 1058 2804 curata
1092 2749 1145 2814 est,

239 2851 272 2905 ut
293 2863 440 2918 nunquam
462 2844 567 2902 debinc
590 2843 795 2915 aegrotaverit,

281 2949 424 3006 Eclrius.
460 2947 501 3004 At
534 2945 705 3019 quibusnam
739 2945 795 3002 iliis
830 2943 988 3001 subvenisti
1024 2942 1149 2999 medica-

239 3041 365 3102 mentis?

284 3145 493 3218 Chirurgus.
532 3143 665 3202 Diversis
698 3144 781 3200 iuxta
813 3141 908 3200 morbi
942 3140 1150 3208 diversitatem,

190 3262 218 3304 ee
240 3259 307 3300 nam
329 3242 405 3313 igne,
429 3239 518 3310 ferro,
542 3243 617 3307 reta,
645 3236 714 3294 func
736 3237 800 3309 plus
829 3253 914 3309 quam
942 3252 960 3294 a
987 3233 1151 3307 quingentis

240 3334 405 3394 bominibus
428 3333 618 3391 incurabilem
641 3332 718 3389 luem
741 3331 835 3404 abegi.

283 3438 428 3496 Eckiua
452 3430 555 3494 Butt’
579 3430 611 3503 ἐς
633 3430 784 3512 adparari

246 3657 268 3690 ³²
285 3655 341 3710 Abi
359 3655 395 3708 ad
412 3669 515 3708 101101.
