2660 4140
476 212 586 259 scmus
608 212 799 259 pnoouurvs.
1108 201 1147 258 23

235 402 253 442 a
263 385 453 457 Lipsensibus
465 393 584 446 vocatus
596 387 756 447 Lutherum
768 393 798 447 et
807 388 1021 446 Carolstadium
1033 389 1149 461 egregie

236 480 301 538 vici.
327 480 463 539 Ceterum
486 500 550 540 cum
578 482 787 541 vociferatione
815 483 934 540 assidua
961 483 1149 555 corporisque

236 573 445 648 defatigatione
472 578 561 634 nimia
577 578 640 649 plus
657 594 749 650 aequo
765 577 949 636 incaluissem
965 579 1150 649 cervesiaque

238 667 381 727 Saronico
397 666 432 726 τὸ
448 667 556 747 καῦμα
572 669 665 730 τοῦτο
681 672 866 744 exstinguere
882 687 1012 741 conarer,
1030 672 1061 728 in
1075 671 1149 728 hauc

199 780 322 835 squam
350 765 445 822 cernis
476 764 676 823 infirmitatem
698 766 801 834 incidi,
834 766 952 824 tametsi
979 767 1083 823 mirum
1110 765 1149 821 vi·

236 859 298 918 deri
320 859 423 931 possit,
448 860 525 932 quod
547 860 578 917 in
600 860 664 918 aliis
685 859 968 933 peregrinationibus
991 860 1063 918 meis
1085 859 1149 931 plus

235 970 316 1012 mero
339 971 425 1026 quam
446 972 521 1012 nunc
544 955 674 1013 cervesia
696 971 742 1012 me
769 955 1018 1026 ingurgitaverim,
1044 969 1150 1026 nequa-

237 1065 322 1121 quam
344 1055 443 1106 tamen
465 1051 685 1122 aegrotaverim.

280 1149 482 1223 Chirurgus.
507 1152 552 1210 Nc
575 1151 704 1223 mireris;
728 1155 796 1208 tuae
820 1149 896 1207 enim
918 1154 1039 1207 naturae
1062 1149 1147 1222 longe

187 1263 215 1304 ro
237 1245 329 1316 magis
353 1245 450 1302 viuum
473 1263 557 1318 quam
581 1245 744 1304 Cerbereus
767 1245 815 1301 ille
838 1245 933 1316 liquor
956 1244 1099 1302 convenit.

279 1345 422 1404 Eckius.
443 1337 487 1404 'Et
514 1349 605 1420 magis
634 1349 682 1407 illo
707 1347 839 1405 oblector
865 1363 900 1403 ac
922 1364 997 1404 nunc
1025 1362 1147 1419 quoquc,

237 1459 301 1500 cum
324 1441 421 1498 vinum
444 1441 577 1498 Italicum
601 1447 630 1498 et
652 1443 838 1499 Austriacum
864 1445 977 1498 tantum
999 1441 1030 1497 in
1044 1457 1150 1498 memo·

236 1537 309 1594 riam
343 1537 434 1605 redit,
470 1536 642 1592 suavitatem
669 1536 813 1607 quandam
839 1535 870 1592 iu
897 1539 1013 1608 gutture
1042 1536 1150 1593 sentire

236 1631 307 1688 mihi
328 1630 444 1702 videor;
469 1646 567 1687 omncs
584 1631 660 1687 enim
674 1630 848 1702 perlustravi
871 1629 1018 1699 tabernas,
1045 1635 1078 1688 ut
1092 1648 1151 1689 om·

186 1745 214 1786 15
235 1725 285 1782 nia
308 1725 463 1797 degustare
485 1741 608 1796 possem.

280 1826 483 1899 Chirurgus.
508 1826 661 1898 Sapienter
683 1827 807 1900 quidem.

175 1941 235 1994 [aiu]
280 1930 423 1987 Eckius.
446 1927 450 2008 Ι
471 1929 578 1986 Verum
605 1946 659 1986 nec
687 1931 780 1986 solum
803 1929 950 2000 tabernae,
981 1931 1034 1989 sed
1060 1931 1149 1988 etiam

237 2017 436 2101 ἀρτοπώλια,
462 2028 637 2102 parcebatur,
665 2017 831 2101 ἐκτροπάς,
860 2017 1032 2102 καπηλεῖα,
1067 2025 1146 2082 Mae·

238 2119 334 2187 niano,
359 2116 495 2187 fornices,
519 2117 680 2189 lupanaria,
704 2115 876 2188 prostibula.

187 2241 216 2282 20
283 2220 486 2294 Chirurgus.
512 2220 570 2278 Res
593 2225 675 2278 tanto
699 2220 837 2292 theologo
861 2219 1039 2292 dignissima.

280 2323 421 2380 Eckius
446 2324 487 2381 Et
509 2324 581 2382 haec
604 2323 821 2396 tragoediarum
843 2339 973 2380 meamm
995 2320 1108 2380 fabula!

283 2425 486 2497 Chirurgus.
513 2426 603 2482 Proin
626 2431 655 2482 et
677 2426 791 2482 urinam
813 2426 957 2497 inspicere
984 2423 1083 2483 refert.

281 2527 426 2584 Eckius.
452 2527 527 2598 Quin
550 2532 590 2597 tu,
614 2544 695 2600 puer,
719 2527 798 2584 illam
821 2525 928 2584 adfers.

283 2628 492 2702 Chirurgus.
528 2629 595 2699 Pro,
631 2646 716 2702 quam
749 2629 824 2688 male
855 2629 928 2687 olet!
962 2629 1092 2686 Naturae
1120 2628 1150 2685 id

187 2743 217 2784 25
240 2725 463 2782 exstinctionem
486 2724 633 2797 designat3
663 2725 744 2782 color
770 2740 909 2796 perquam
935 2724 1030 2780 tenuis
1054 2728 1099 2780 est
1122 2727 1151 2780 et

239 2817 422 2888 subalbidus,
457 2818 570 2876 febrem
598 2818 749 2875 ardentem
778 2823 807 2875 et
835 2818 975 2875 invadens
1002 2817 1152 2890 praesagit

240 2912 387 2985 delirium3
423 2913 527 2985 quodsi
559 2911 649 2970 febris
683 2912 813 2982 abesset,
847 2912 991 2969 insaniam
1024 2911 1151 2969 dicerem

239 3005 372 3077 ferinam,
397 3025 464 3066 nam
487 3013 517 3064 et
540 3006 707 3079 hypostasis
730 3005 897 3064 furfuracea
912 3005 1064 3078 phrenitis
1082 3005 1151 3062 stul·

239 3101 323 3159 titiae
347 3107 376 3159 et
399 3101 507 3160 furoris
531 3106 576 3158 est
591 3101 739 3158 indicium.
764 3099 823 3158 Sed
846 3105 876 3158 et
890 3117 1006 3158 manum
1021 3100 1148 3171 porrige,

189 3213 218 3255 aa
240 3200 273 3252 ut
294 3196 409 3268 pulsum
442 3213 555 3269 quoque
583 3195 740 3268 explorem.
776 3195 843 3264 Hui,
879 3211 964 3266 quam
992 3194 1088 3266 segnis
1117 3210 1151 3250 ac

239 3290 335 3347 tenuis
358 3296 462 3360 motha,
498 3296 563 3348 atra
586 3289 804 3362 superabundat
826 3288 905 3358 bilis,
936 3289 1004 3361 quin
1034 3293 1064 3346 et
1086 3287 1151 3345 sub·

254 3507 266 3540 ⁴
284 3505 410 3560 Calorem
427 3507 506 3561 huuc.

245 3600 265 3634 ¹⁸
284 3599 340 3655 Vbi
358 3600 516 3655 venduntur
533 3616 626 3669 panes,
645 3600 783 3669 coquinas,
802 3599 982 3655 deverticula.
