2660 4140
525 257 636 304 ECKIVS
658 256 849 303 DEDCLATVS.

306 436 465 495 Canidia.
490 433 612 492 Various
629 434 799 492 hirrooervo
815 435 883 493 huia
897 435 1025 494 insidere
1042 442 1072 495 et
1086 440 1178 496 mani-

261 531 316 589 bus
340 547 449 588 eornua
471 535 580 587 tenere.

305 634 456 691 Rubeus.
492 632 534 689 At
566 648 623 704 quo
651 636 737 704 paeto
770 629 949 712 χειρουργὸς
982 641 1084 693 noster
1110 653 1177 708 por-

263 726 393 787 tabitur?

227 851 240 892 5
306 829 465 888 Canidia.
482 828 547 886 Nisi
563 833 593 886 et
607 828 671 900 ipse
683 827 815 886 manibus
829 829 951 887 caudam
964 832 1175 904 apprehendat,

262 942 318 999 quo
340 929 429 996 paeto
452 923 575 981 vehatur
597 928 728 996 quaerat.

306 1027 456 1086 Rubeus.
481 1026 524 1084 Tu
547 1043 616 1084 vero
641 1026 786 1098 quomodo
810 1023 899 1098 ages?

307 1131 468 1189 Canidia.
492 1129 614 1186 Hireino
637 1127 771 1186 insidebo
795 1129 884 1201 capiti
900 1145 934 1187 ae
950 1134 1086 1203 tanquam
1102 1133 1176 1205 Argi

264 1226 443 1299 gubernator
457 1223 582 1282 bestiam
597 1221 783 1280 moderabor.
808 1222 851 1279 Tu
866 1224 957 1296 igitur
972 1225 1119 1295 inscende‚
1143 1232 1176 1284 tu

215 1340 242 1382 1o
264 1332 333 1378 vero
354 1319 487 1376 manibus
507 1323 558 1376 aut
579 1318 603 1375 si
623 1317 715 1374 mavis
737 1316 872 1374 dentibus
889 1319 1011 1376 caudam
1027 1321 1175 1379 mordicus

264 1413 380 1486 adripe3
405 1419 518 1484 tempus
542 1412 618 1468 enim
632 1411 750 1481 labitur,
775 1412 879 1469 etiam
898 1429 944 1470 me
966 1412 1054 1471 herus
1076 1431 1177 1488 exspe-

265 1513 334 1566 ctat.
360 1507 419 1565 Sed
440 1507 516 1575 hem,
541 1505 619 1578 quod
640 1522 734 1577 paene
751 1505 843 1564 oblita
864 1505 985 1577 fueram,
1010 1525 1069 1566 non
1092 1527 1176 1568 secus

263 1619 348 1676 quam
370 1602 400 1658 in
422 1600 570 1672 mysteriis
593 1599 739 1657 silentium
763 1600 900 1658 tenebitis
927 1618 981 1659 neo
1003 1619 1055 1660 vos
1079 1605 1174 1677 aliquo

264 1697 351 1754 modo
375 1693 529 1767 signabitis
552 1699 603 1752 aut
618 1692 771 1751 confestim
787 1695 817 1750 in
832 1694 900 1753 Oroi
917 1696 1012 1753 culum
1027 1698 1170 1756 incidetis.

214 1819 241 1861 15
306 1798 457 1856 Rubeus.
480 1791 529 1866 Ἐς
551 1791 758 1874 Κυνόσαργες.

307 1910 465 1968 Canidia.
491 1908 549 1966 Sed
571 1909 701 1981 nunquid
723 1909 781 1966 iam
803 1910 899 1980 parati
923 1909 1015 1968 estis?

306 2013 457 2071 Rubeus
482 2011 591 2068 Parati.

307 2115 469 2173 Canidia.
494 2114 599 2171 Videte
615 2114 713 2185 igitur,
731 2130 804 2186 quae
820 2130 867 2171 res
884 2115 958 2172 malo
974 2115 1056 2173 vobis
1069 2121 1173 2186 vertat,

264 2215 296 2268 ut
318 2209 523 2266 mandatorum
545 2224 687 2265 memores
712 2208 784 2276 sitis,
812 2225 866 2265 nee
882 2209 1030 2282 quisquam
1045 2215 1175 2268 vestrum

211 2324 240 2366 ao
262 2305 376 2362 hiscere
400 2302 516 2360 audeat.
544 2300 703 2372 Suregnutl
727 2301 905 2360 Tartsheohl
929 2303 1140 2377 Nerokrefelp!

308 2414 459 2472 Rubeus
489 2413 556 2482 Pro,
584 2412 682 2470 verbis
705 2417 817 2470 tantum
839 2414 869 2470 in
892 2415 982 2472 altum
1005 2414 1175 2474 evehimur?

307 2525 466 2583 Canidia.
491 2524 618 2596 Egregie
634 2523 773 2580 mandata
785 2541 884 2581 servas
897 2531 928 2582 et
939 2527 996 2583 nisi
1012 2527 1111 2585 herbis
1129 2528 1175 2587 bis

265 2620 418 2678 medicatis
442 2619 559 2676 sinistre
583 2618 619 2676 de
642 2623 672 2674 te
695 2619 845 2689 suspicans
869 2621 998 2678 vervecis
1021 2638 1107 2679 aures
1125 2623 1174 2680 ob·

265 2714 444 2782 eduxissem,
469 2713 585 2770 iamiam
602 2710 730 2768 Cerbero
753 2711 890 2783 pabulum
905 2714 1076 2788 praeberes;
1100 2734 1176 2775 nuno

215 2828 243 2870 au
266 2826 335 2866 vero
359 2814 458 2866 tacere
480 2807 521 2863 nil
543 2807 657 2876 attinet,
683 2806 736 2863 sed
758 2805 849 2864 libere
871 2824 963 2880 nugas
986 2827 1105 2882 nugare.

308 2919 460 2976 Rubeus
485 2918 552 2986 Pro,
575 2918 655 2974 intus
677 2934 779 2989 pavea,
804 2916 876 2975 foris
900 2924 998 2977 autern
1019 2920 1154 2979 formido.

309 3029 513 3099 Chirurgus
539 3027 606 3084 Plus
624 3044 687 3099 ego,
712 3028 760 3099 qui
775 3028 852 3085 inter
867 3028 978 3086 eaelum
994 3036 1025 3088 et
1040 3031 1177 3104 abyssum

201 3135 295 3191 [niuja]
319 3122 461 3196 pendulus
488 3120 576 3190 feror,
608 3139 693 3193 quam
721 3122 810 3179 timeo
834 3119 948 3202 mi2ser,
977 3141 1014 3182 ne
1039 3130 1176 3198 tauquam

265 3219 349 3276 Helle
371 3217 421 3274 illa
443 3217 538 3273 locum
561 3214 685 3287 aliquem
708 3233 774 3273 mea
795 3215 877 3274 clade
900 3216 1060 3276 nobilitem.

215 3352 243 3393 ao
309 3329 469 3388 Canidia.
495 3327 630 3385 Cloaoam
652 3326 797 3384 fortassis

307 3432 457 3491 Rubeus.
481 3431 565 3498 Heia,
587 3434 681 3486 mater
696 3445 769 3498 mea,
786 3447 838 3486 our
851 3429 1007 3490 barbarica
1022 3433 1072 3490 illa
1087 3433 1177 3491 verba

264 3523 425 3586 intonasti?
449 3526 525 3581 Num
549 3524 593 3580 his
617 3527 718 3579 vector
739 3529 842 3580 noster
863 3524 1043 3598 impellitur?

307 3638 464 3697 Canidia.
500 3638 590 3694 Recte
619 3635 749 3707 quidem,
778 3655 845 3695 nam
869 3641 907 3698 ad
929 3639 1045 3696 illorum
1074 3657 1176 3697 sonum
