2660 4140
175 241 215 296 50
456 249 542 296 acan
562 249 719 297 aaronem
741 249 863 296 ORATIO.

217 428 299 499 cipuo
334 428 369 486 de
404 429 574 501 episcopatu
608 428 738 500 cogitare
772 433 802 485 et
828 445 874 486 me
901 427 1005 498 infula,
1034 431 1147 503 qualem

216 539 338 592 mereor,
367 539 517 580 coronare.
545 522 586 580 Et
613 521 758 580 habebitis
781 539 826 580 me
854 539 969 595 semper
989 541 1043 596 pro
1069 523 1146 584 bono

216 616 365 689 capellano
393 622 422 676 et
448 621 665 690 propugnatore
691 616 850 674 haeretice.
879 617 959 688 Fiat,
987 617 1053 676 fiat!
1080 619 1147 677 Non

215 711 309 768 minus
333 711 369 769 ob
393 712 533 770 honorem
555 715 683 769 vestrum
709 727 793 784 quam
819 727 913 768 meam
939 712 1096 771 utilitatem
1118 718 1147 772 et

187 823 200 864 5
217 805 385 878 despectum
405 811 434 864 et
450 804 649 864 confusionem
672 805 798 863 omnium
821 806 1043 864 haereticorum.
1067 807 1145 866 Dixi.

174 1191 232 1247 [vja]
403 1181 630 1255 Epigramma
658 1181 915 1241 Hotostricum.

258 1335 403 1392 Maximus
427 1353 491 1393 cum
513 1341 546 1394 tu
569 1336 608 1393 sis
631 1336 740 1408 probus
764 1340 794 1394 et
817 1336 944 1394 domitor
967 1335 1055 1406 orbis,

327 1429 444 1500 Caesar,
469 1447 522 1488 noc
545 1431 637 1488 maius
660 1435 740 1488 terra
762 1430 871 1490 habere
893 1435 1000 1504 potest,

258 1525 314 1582 Ast
337 1541 392 1597 ego
416 1541 481 1583 cum
503 1525 580 1583 inter
604 1529 722 1583 cunctos
747 1525 801 1582 sim
824 1524 941 1582 doctior
961 1525 1049 1594 viros,

173 1636 201 1677 ro
326 1619 420 1676 Nemo
443 1624 472 1676 te
496 1636 581 1691 quam
604 1637 658 1691 ego
681 1619 782 1678 melius
805 1619 977 1677 laudaverit.

258 1711 327 1780 Fac,
352 1729 469 1770 causam
491 1712 615 1771 habeam
637 1713 785 1782 laudandi,
809 1714 934 1772 maxime
958 1729 1068 1784 caesar,

326 1807 366 1864 Et
389 1823 433 1877 ea,
457 1824 543 1880 quam
565 1825 688 1878 mereor,
713 1807 804 1866 infula
828 1808 1000 1866 condecora.

234 1900 293 1958 .Id
315 1907 347 1958 tu
370 1902 395 1958 si
416 1900 531 1971 feceris,
555 1907 659 1974 potero
683 1907 744 1960 tum
768 1919 872 1960 canera
896 1902 995 1970 melca,

328 1995 418 2066 Quale
441 2013 495 2055 nec
518 1997 548 2054 in
572 1996 660 2055 caelis
683 1997 802 2070 angelus
827 1997 973 2055 cecinerit.

173 2177 200 2218 15
217 2157 353 2216 Carmina
375 2159 449 2218 haec
474 2159 543 2217 licet
569 2175 628 2217 non
655 2159 714 2216 sint
740 2156 820 2216 facta
847 2159 1006 2217 secundum
1032 2157 1148 2232 regulas

215 2253 448 2325 grammaticales
478 2258 529 2312 aut
562 2258 655 2312 artem
687 2253 872 2320 medicandi,
907 2271 960 2326 per
986 2270 1017 2312 se
1047 2257 1145 2311 tamen

216 2348 326 2419 optima
349 2352 416 2405 sunt
438 2351 468 2406 et
489 2348 567 2405 lectu
590 2347 775 2421 dignissima·

274 2466 316 2524 Es
340 2467 406 2525 hats
428 2484 476 2540 ym
498 2467 598 2526 waarli
620 2467 704 2526 recht
726 2466 798 2526 thon

327 2561 393 2619 Vnd
416 2561 462 2620 die
487 2562 576 2620 saach
598 2562 654 2621 wol
676 2560 789 2620 troden.

173 2758 242 2814 [veja]
275 2749 449 2821 Marsyas,
473 2749 618 2808 natione
640 2748 773 2821 Phryx,
798 2753 874 2807 arte
897 2747 1045 2818 tibicen,

280 2844 391 2902 Echio
420 2843 603 2914 dedolata,
631 2841 738 2902 fratri
766 2859 842 2914 suo,
871 2843 1039 2902 insanire.

215 2973 347 3030 Fortiter
370 2977 399 3030 et
421 2972 499 3045 quod
520 2973 584 3031 iure
607 2972 701 3043 decet,
724 2971 797 3030 facis
822 2972 928 3041 omnia,
956 2969 1057 3041 frater,

216 3067 257 3124 Et
280 3083 353 3139 quae
377 3067 481 3124 decent
503 3072 636 3124 nostrum
657 3083 761 3138 genus3

216 3161 347 3234 Namque
371 3176 425 3233 ego
448 3159 485 3218 ab
508 3160 624 3232 ingenio
648 3160 778 3232 quaesivi
800 3175 907 3217 nornen
929 3159 1039 3231 inepto,

171 3274 201 3315 aa
218 3255 372 3328 Creuitque
395 3254 480 3312 nobis
503 3255 605 3327 gloria,
995 3319 998 3323 ,

215 3350 292 3407 Dum
315 3367 360 3407 me
383 3367 420 3407 ex
442 3348 565 3406 adverso
590 3353 755 3406 cantantem
781 3348 891 3421 sprevit
913 3346 1019 3420 Apollo

218 3443 278 3502 Ocu
300 3461 370 3502 voce
393 3444 492 3516 iniqua
514 3443 688 3516 praeditum.

216 3537 260 3594 Tu
282 3554 350 3595 vero
373 3538 488 3611 generis
511 3537 606 3595 nostri
629 3536 814 3595 doctissimus
840 3536 888 3595 ille
912 3552 942 3594 es

216 3631 313 3690 tdarae
336 3631 498 3690 modestiae
520 3647 635 3704 parens.
