2660 4140
190 235 228 290 38
514 249 624 293 cerrus
646 249 838 294 ocnocarvs

272 423 475 497 Chirurgua
505 425 707 498 Indulgentiae
741 431 819 496 sunt,
855 443 926 500 quas
959 427 1017 484 iam
1049 425 1164 498 pridem

229 513 428 598 συκοφάντης
450 520 498 578 ille
521 521 717 578 Hochstratus
740 522 770 579 in
793 522 942 595 cacologia
965 538 1017 579 sua
1039 535 1167 594 permer-

227 613 315 672 davit.

271 725 394 782 Amici.
419 724 478 783 Sed
500 732 530 784 et
551 728 660 785 nummi
682 727 800 801 quidam
822 728 853 785 in
874 727 986 786 iusculo
1009 727 1057 786 illo
1074 728 1162 785 inter-

200 826 331 882 snatare
354 818 498 879 videntur.

272 931 475 1005 Chirurgus.
492 933 542 990 Nil
553 934 665 1004 mirum,
683 934 708 990 si
721 939 824 992 contra
835 934 879 991 sui
895 939 1029 991 naturam
1044 939 1161 1006 natant3

229 1032 296 1084 sunt
323 1027 399 1085 enim
427 1028 530 1100 quibus
553 1028 591 1086 ad
614 1027 826 1087 defendendam
849 1045 967 1086 usuram
989 1033 1163 1086 amercato·

226 1120 307 1179 ribus
322 1122 523 1180 inauctoratus
540 1127 593 1192 est,
607 1128 636 1182 et
652 1123 719 1196 quia
734 1122 828 1195 digeri
842 1123 1010 1195 nequibant,
1023 1123 1162 1180 levissimi

229 1221 296 1272 sunt
318 1215 435 1274 redditi.

185 1337 260 1394 [Dijbl
283 1329 405 1386 Amici.
430 1328 523 1387 Putor
537 1329 746 1400 intolerandus,
768 1329 812 1386 ita
829 1334 863 1386 ut
877 1322 995 1408 nasum}
1011 1327 1163 1386 obstruere

228 1423 266 1480 sit
289 1439 417 1481 necesse.

272 1533 476 1607 Chirurgus.
500 1535 541 1592 Et
562 1536 636 1593 haec
658 1535 865 1608 magistrorum
886 1539 1055 1592 nostrorum
1073 1549 1162 1590 suave

230 1629 341 1687 olentes
358 1635 425 1687 sunt
440 1630 609 1687 munditiae.
635 1629 693 1688 Sed
715 1631 774 1687 iam
797 1633 900 1701 aperto
922 1633 1042 1701 pectore
1057 1627 1162 1700 pellem

230 1722 385 1782 detrahere
409 1728 455 1781 est
476 1740 605 1782 necesse.
630 1724 698 1793 Hui,
724 1741 796 1797 quae
819 1723 940 1796 vitiligo,
968 1739 1041 1795 quae
1063 1738 1161 1794 psora,

186 1835 214 1878 15
228 1818 316 1874 immo
339 1835 506 1890 gangraena
528 1835 580 1876 seu
602 1820 701 1891 potius
725 1836 831 1878 cancer
851 1817 930 1891 ipse!

271 1930 395 1987 Amici.
420 1929 491 2000 Quis
514 1948 640 2004 unquam
661 1936 796 2003 putasset
818 1931 871 1989 sub
894 1936 954 1987 tarn
979 1928 1074 1988 nitida
1096 1933 1162 1987 oute

230 2029 289 2082 tam
311 2026 480 2097 pestilentia
501 2026 594 2084 latere
617 2023 735 2084 ulcera?

273 2136 482 2209 Chirurgus
511 2137 575 2210 Igni
598 2139 738 2210 imponite
761 2137 886 2209 virgam,
913 2135 1024 2194 ferrum
1051 2135 1161 2207 acuite;

230 2231 372 2304 quaedam
396 2232 472 2289 enim
494 2232 658 2302 incidenda,
684 2231 827 2304 quaedam
841 2247 911 2288 vero
927 2235 995 2288 sunt
1009 2228 1160 2287 inurenda.

186 2359 215 2402 eo
273 2342 395 2399 Amici.
421 2342 488 2413 Pro,
513 2342 554 2400 dii
576 2342 764 2411 immortales,
789 2346 913 2415 quantus
934 2339 1139 2398 carbunculus!

273 2445 479 2520 Chirurgus.
503 2440 689 2516 Ἅλαζονεία
712 2451 765 2505 est.

272 2551 395 2608 Amici.
419 2550 460 2608 Et
483 2551 649 2608 carcinoma
670 2551 735 2608 hoc.

273 2652 477 2726 Chirurgus.
501 2651 716 2731 Συκοφαντία.

272 2758 397 2815 Amici.
422 2756 526 2814 Bubon
548 2773 617 2814 vero
641 2755 698 2812 ille.

274 2861 478 2934 Chirurgus.
505 2853 673 2918 Φιλαυτία.

272 2966 393 3023 Amici.
419 2963 478 3022 Sed
501 2981 568 3022 ecce
592 2962 750 3022 therioma!

273 3068 479 3140 Chirurgus.
503 3061 637 3124 ’Λσωτία
660 3071 713 3124 est.

273 3171 395 3230 Amici.
420 3171 461 3228 At
483 3170 639 3242 scrophula
661 3171 743 3228 haec.

257 3409 278 3444 ²¹
296 3406 438 3475 Superbia.

255 3487 278 3521 ²³
297 3484 490 3552 Sycophantia.

255 3563 279 3596 ⁹⁵
297 3561 346 3617 Sui
364 3579 446 3616 amor.

254 3639 277 3673 Ἦ
295 3637 427 3693 Luxuria.
