2660 4140
535 223 647 268 EGKIVS
669 223 860 269 DEDOLATVS.

271 398 384 457 bantur.
409 399 481 457 Ideo
504 415 558 457 nec
573 399 684 457 orando
707 416 760 457 nec
787 399 968 458 obsecrando
985 399 1054 472 quid
1069 397 1185 457 efficere

270 495 361 566 potui.

313 597 455 654 Eokius.
479 595 521 653 Et
543 596 612 669 quid
633 594 885 669 praetendebant?

313 699 416 757 Puer.
439 699 522 757 Alius
552 699 640 770 aliud,
669 717 769 759 omnes
797 705 896 759 tamen
923 705 1061 774 quassato
1089 701 1182 773 capite

236 813 249 854 5
272 796 375 852 tritum
397 795 468 852 illud
492 795 698 866 decantabant,
726 789 777 854 ὅτι
798 789 903 853 πάλαι
924 791 997 854 ποτ’
1020 789 1102 876 ἦσαν
1123 788 1183 853 οἴλ-

271 906 358 965 κιμοι
380 883 542 968 Μιλήσιοι.

312 992 456 1050 Eckius.
482 988 563 1062 Φεῦ,
592 999 622 1050 et
643 992 713 1062 hoc,
741 997 895 1065 postquam
919 1009 955 1050 ex
982 991 1100 1064 Lipsica
1128 993 1183 1049 dis·

268 1087 420 1159 putatione
443 1088 600 1159 gloriosior
622 1103 707 1160 quam
729 1103 855 1160 unquam
877 1087 1030 1144 redierim!

312 1181 410 1239 Puer.
437 1181 601 1239 Gloriosior
622 1198 660 1240 an
682 1181 821 1251 odiosior,
845 1185 908 1239 tute
930 1181 1048 1238 videris,

219 1294 246 1336 10
311 1275 453 1333 Eckius.
478 1276 616 1334 Pessimis
639 1276 729 1348 igitur
751 1276 932 1348 despicatum
955 1293 1000 1334 me
1023 1275 1117 1334 modis
1133 1275 1181 1332 ad-

269 1367 362 1428 seris?

311 1474 409 1532 Puer.
434 1473 597 1532 Hariolare.

310 1568 454 1626 Eckius.
479 1567 537 1626 Sed
559 1585 619 1626 non
632 1569 750 1641 impune
765 1567 869 1640 ferent,
894 1569 971 1642 quod
997 1585 1042 1627 me
1059 1566 1180 1626 subdola

267 1663 323 1720 bue
338 1679 428 1734 usque
443 1663 589 1720 lactarunt
606 1664 743 1732 amicitia,
760 1681 836 1721 nunc
851 1681 920 1722 vero
936 1663 1011 1721 ludis
1030 1661 1182 1720 ludificant

219 1776 245 1817 ro
267 1755 502 1814 ludificabilibus.
528 1755 599 1814 Cum
621 1758 825 1829 praesentibus
848 1763 946 1817 tamen
968 1775 1030 1816 rem
1051 1762 1182 1814 nostram

266 1868 394 1923 agemus.
419 1850 477 1908 Sed
492 1851 572 1923 prius
589 1852 769 1923 cantharum,
793 1858 826 1910 ut
840 1859 907 1926 post
930 1869 1060 1911 somnum
1080 1851 1178 1908 oculos

268 1940 395 2003 abluam.

309 2049 407 2107 Puer.
432 2049 574 2118 Palatum,
598 2056 631 2107 ut
652 2051 777 2109 videtur.

308 2143 449 2201 Eckius
475 2142 498 2201 O
516 2146 718 2202 suavissimum
735 2163 869 2204 curarum
885 2141 1027 2202 levamen!
1050 2139 1173 2207 Salvete,

214 2256 244 2298 so
266 2239 360 2296 amici.

308 2332 429 2389 Amici.
453 2332 493 2388 Et
515 2336 548 2388 tu
571 2349 682 2405 quoque
705 2336 802 2393 salvus
826 2336 878 2404 sis,
902 2331 1040 2404 magister
1066 2332 1175 2386 noster.

265 2427 304 2483 Vt
326 2423 425 2484 vales?

307 2529 451 2586 Eclrius.
487 2529 526 2585 Vt
561 2531 694 2602 cernitis,
729 2532 785 2586 nisi
820 2533 896 2588 enim
930 2529 1062 2587 canthari
1093 2527 1176 2584 huius

265 2623 395 2681 subsidio
419 2627 568 2681 recreatus
591 2621 724 2691 fuissem,
748 2623 943 2693 iampridem
968 2623 999 2678 in
1022 2621 1091 2679 Orci
1113 2638 1178 2678 con·

213 2734 242 2776 25
265 2734 435 2776 numerarer
456 2717 579 2775 familia:
603 2721 649 2773 tot
670 2719 823 2787 tantasque
847 2732 1001 2772 aerumnas
1025 2717 1118 2788 exigo.

308 2821 430 2878 Amici.
448 2821 516 2890 Pro,
538 2825 645 2893 quanta
659 2819 778 2876 humani
793 2820 908 2891 generis
931 2819 1058 2877 iactura!
1082 2818 1177 2889 Quod·

265 2915 291 2970 si
316 2931 363 2970 res
392 2931 428 2970 ex
454 2920 555 2973 nostro
583 2915 758 2986 procederet
784 2913 941 2984 arbitratu,
972 2915 1034 2972 'iam
1064 2913 1177 2985 pridem

263 3007 349 3064 beate
373 3007 504 3079 degeres,
528 3026 582 3066 nec
606 3010 757 3080 quicquam
779 3011 809 3066 in
824 3011 972 3082 praesenti
988 3009 1041 3066 tibi
1064 3008 1178 3066 doleret

264 3101 389 3158 saeculo.

213 3221 242 3263 30
306 3202 447 3259 Eckius.
473 3202 496 3260 Ο
521 3204 648 3274 capitula
674 3204 866 3276 lepidissima,
896 3221 981 3276 quarn
1008 3204 1175 3262 amicabiles

264 3298 423 3354 amicorum
446 3297 516 3353 estis
539 3297 638 3354 amici!

307 3390 431 3448 Amici.
457 3389 504 3448 Sic
527 3391 661 3448 solemus.

267 3607 303 3640 ‘’f-
320 3606 456 3676 Quoniam
474 3607 539 3661 olim
557 3607 663 3661 strenui
682 3613 762 3661 erant
781 3607 894 3662 Milesii.
