2660 4140
192 223 231 281 46
474 235 559 280 sonu
580 234 737 280 assonam
759 234 882 281 oacrio.

232 416 351 484 portare
364 410 461 468 sciret.
479 409 520 467 Et
530 409 620 482 igitur
632 427 686 483 ego
702 427 775 483 rogo
788 411 1017 470 dominationem
1028 417 1165 483 vestram,

232 505 309 579 quod
331 505 402 564 vth
423 521 470 562 me
487 503 636 574 adiuvare,
661 505 739 577 quod
759 505 861 563 melius
878 511 960 576 stem,
986 507 1053 579 quia
1068 507 1166 565 multis

230 601 326 659 habeo
349 616 478 658 necesse.
503 597 545 658 Et
559 599 628 671 quid
648 605 778 670 noceret,
802 601 827 657 si
842 601 1038 674 unusquisque
1055 602 1166 673 episeo-

229 713 292 768 pus,
317 695 365 768 qui
387 695 446 752 iam
468 693 516 751 hio
540 697 593 763 est,
618 694 705 751 daret
726 695 797 752 mihi
813 695 962 752 annuatim
977 696 1033 753 nisi
1050 701 1166 754 centum

201 809 214 851 a
230 786 356 849 aureos?
380 787 467 858 Quod
490 793 570 845 esset
584 805 632 846 res
647 805 738 860 parva
761 794 791 846 et
805 806 864 846 non
878 795 1000 848 noceret
1014 790 1094 862 ipsis
1112 790 1165 848 scd

228 884 349 942 multum
376 899 422 940 me
450 882 613 941 adiuvaret.
650 883 673 941 0
702 883 849 955 quomodo
883 901 937 957 ego
965 884 1069 942 vellem
1095 889 1165 942 tunc

229 977 409 1050 triumphare
433 981 463 1035 et
484 977 580 1034 laetae
596 977 701 1034 mentis
724 977 803 1034 esse!
826 977 867 1034 Et
889 995 947 1036 non
967 978 1070 1036 vellem
1085 979 1165 1036 aliud

229 1075 327 1132 vinum
348 1071 450 1129 bibere
466 1088 552 1144 quam
567 1071 721 1128 Rhenanse
738 1075 789 1128 aut
803 1072 967 1130 Alsatense.
991 1073 1033 1130 Et
1047 1090 1164 1145 possem

228 1185 274 1226 me
298 1167 386 1226 etiam
408 1166 512 1224 melius
537 1181 601 1223 eum
616 1166 745 1237 pulchris
760 1166 863 1238 puellis
887 1167 1036 1225 oblectare
1057 1171 1087 1225 et
1102 1184 1163 1225 sae-

187 1283 215 1326 ro
230 1263 294 1336 pius
323 1260 362 1320 ad
387 1260 523 1318 balneum
550 1261 593 1317 ire
621 1265 652 1318 et
677 1259 785 1318 bonum
812 1264 925 1334 tempus
949 1261 1070 1332 habere,
1096 1279 1164 1334 quo·

230 1357 269 1416 ad
295 1356 481 1428 episcopatus
509 1359 641 1423 vacaret,
677 1371 762 1427 quem
788 1355 859 1412 mihi
889 1356 998 1414 donare
1025 1357 1161 1428 possetis,

231 1452 299 1526 quia
324 1456 386 1508 tum
414 1449 513 1508 omnia
534 1449 609 1507 bene
637 1453 764 1519 starent,
799 1450 914 1522 quando
942 1467 996 1524 ego
1025 1452 1162 1524 ‘gratiose

231 1544 356 1605 domine'
380 1561 518 1616 vocacer3
541 1561 622 1613 narn,
647 1547 681 1600 ut
703 1543 775 1601 dicit
797 1546 956 1616 apostolus,
981 1546 1029 1618 qui
1053 1546 1163 1617 episco-

230 1647 329 1714 patum
357 1639 508 1696 desiderat
533 1637 655 1704 bonum,
690 1639 715 1695 is
744 1638 894 1696 desiderat
924 1656 1005 1710 opus.
1040 1640 1082 1697 Et
1108 1657 1161 1711 ego

187 1756 214 1799 15
229 1735 331 1793 vellem
346 1732 482 1790 libentius
499 1731 607 1790 habere
630 1749 718 1789 unum
738 1731 846 1789 bonum
862 1749 947 1805 quam
970 1734 1084 1792 malum.
1109 1733 1163 1791 Vel

229 1831 255 1887 si
276 1829 333 1886 hoc
359 1844 418 1884 non
439 1827 571 1898 placeret
599 1832 650 1884 aut
672 1827 859 1898 episcopatus
882 1827 1010 1885 nondum
1032 1833 1160 1898 vacaret,

229 1924 306 1998 quod
330 1921 490 1980 dominatio
518 1926 616 1979 vestra
644 1921 730 1978 daret
755 1921 826 1978 mihi
854 1939 941 1978 unum
969 1923 1160 1994 privilegium,

228 2025 261 2078 ut
276 2033 454 2092 quocumque
475 2016 612 2085 venirem,
630 2015 707 2088 quod
722 2015 829 2087 hospes
850 2020 1000 2074 teneretur
1021 2017 1092 2074 mihi
1107 2033 1161 2088 pro

185 2126 257 2183 [sija]
295 2130 341 2171 me
370 2116 400 2169 et
422 2109 538 2168 famulis
566 2115 596 2167 et
618 2110 656 2166 ad
678 2110 773 2168 minus
796 2115 934 2183 quattuor
956 2111 1036 2182 equis
1059 2108 1160 2189 graltis

186 2230 215 2273 20
229 2207 385 2282 providere
419 2210 448 2264 et
481 2222 540 2262 non
572 2205 666 2261 minus
700 2205 731 2261 in
756 2205 880 2276 prandio
915 2209 945 2262 et
975 2221 1047 2262 cena
1075 2221 1160 2276 quam

229 2307 366 2377 quattuor
389 2299 470 2358 cibos
494 2299 578 2368 dare,
607 2298 770 2371 exquibus
796 2315 869 2356 unus
893 2298 1015 2357 deberet
1037 2315 1101 2356 esse
1124 2316 1161 2356 ex

228 2397 345 2470 optimis
372 2394 515 2467 piscibus3
544 2394 642 2450 vinum
668 2409 738 2451 vero
766 2393 889 2451 deberet
911 2393 982 2452 dare
1009 2394 1158 2465 optimum,

229 2498 259 2551 et
273 2490 351 2564 quod
372 2506 431 2546 non
454 2493 532 2546 esset
554 2487 778 2559 sophisticatum
802 2505 866 2546 eum
886 2505 974 2560 aqua3
998 2488 1048 2545 ubi
1064 2493 1161 2546 autem

227 2584 445 2652 falsificaretur,
476 2582 554 2654 quod
575 2582 682 2653 hospes
705 2582 753 2639 ille
777 2581 899 2640 deberet
920 2582 991 2638 mihi
1015 2582 1085 2641 dare
1107 2599 1161 2654 pro

183 2701 211 2744 aa
226 2696 322 2754 poena
343 2697 371 2736 x.
396 2676 530 2734 marchas
556 2676 634 2743 auri,
670 2677 793 2748 quinque
816 2693 869 2748 pro
893 2693 1010 2734 camera
1032 2677 1160 2734 domina·

229 2775 317 2833 tionis
339 2777 454 2831 vestrae
478 2775 507 2828 et
530 2771 654 2844 quinque
677 2787 730 2842 pro
754 2787 808 2827 me.
836 2770 877 2828 Et
899 2770 949 2828 ubi
972 2772 1100 2829 venirem
1122 2771 1160 2829 ad

228 2871 363 2928 balneum
386 2866 511 2939 aliquod,
536 2865 614 2937 quod
636 2865 789 2922 balneator
810 2881 856 2922 me
878 2864 988 2922 frustra
1010 2864 1162 2923 balnearet

230 2969 260 3023 et
280 2964 400 3034 insuper
418 2977 507 3017 unum
530 2959 636 3017 bonum
658 2957 817 3016 flasconem
836 2959 895 3017 vini
911 2960 1043 3030 donaret,
1067 2965 1100 3017 ut
1113 2975 1159 3017 me

228 3074 344 3131 possem
366 3055 398 3112 in
421 3055 518 3112 calore
540 3052 671 3111 reficere.
696 3053 819 3125 Insuper
841 3052 891 3111 ubi
914 3054 952 3111 ad
972 3055 1095 3126 lupanar
1110 3054 1160 3112 ali·

185 3172 213 3214 eo
229 3152 306 3226 quod
334 3150 437 3209 vellem
465 3149 522 3218 ire,
557 3148 635 3220 quod
668 3148 837 3205 meretrices
865 3164 910 3206 me
939 3149 1001 3206 sine
1028 3149 1159 3220 pecuniis

228 3247 426 3313 admitterent,
451 3242 526 3315 quia,
550 3242 620 3299 licet
642 3242 696 3298 sim
719 3241 881 3314 theologus,
909 3247 1007 3300 tamen
1028 3259 1160 3300 necessa-

227 3341 303 3398 rium
329 3344 383 3408 est,
407 3336 620 3408 utaliquando,
644 3336 794 3408 quinquies
817 3336 863 3393 vel
886 3337 982 3394 sexies
1005 3337 1035 3394 in
1050 3354 1158 3407 mense,

226 3451 346 3508 purgem
368 3449 463 3501 renes,
488 3431 565 3504 quod
589 3431 677 3488 etiam
700 3431 738 3488 ad
760 3431 916 3488 sanitatem
931 3431 1012 3489 facit.
1036 3432 1078 3489 Et
1092 3433 1160 3504 quia

228 3529 387 3588 dominatio
410 3531 509 3584 vestra
532 3531 577 3582 est
600 3524 679 3581 orbis
696 3525 839 3595 dominus
864 3527 940 3583 sicut
955 3526 1056 3584 dicunt
1070 3527 1158 3598 leges

184 3628 328 3697 aposset
353 3623 428 3680 haec
456 3621 553 3678 omnia
579 3617 678 3676 facere
707 3623 737 3676 et
765 3619 853 3677 etiam
881 3620 1007 3691 maiora,
1036 3625 1070 3678 ut
1092 3637 1160 3693 quo·
