2660 4140
481 194 593 239 auarus
614 193 806 240 uuuonarvs
1089 183 1130 240 25

156 381 230 438 [cuja]
261 371 384 428 Amici.
407 366 409 450 i
431 370 578 440 Pessimis,
601 370 659 427 nisi
681 375 713 427 tu
736 369 772 427 ab
794 370 872 428 omni
886 370 952 428 labe
968 387 1057 442 purus
1081 371 1130 428 sis.

263 481 407 540 Eokius.
432 482 473 539 Et
494 483 666 553 purissimus
690 482 814 554 quidem.
840 481 898 540 Sed
914 483 1050 555 quoniam
1066 499 1132 540 oon-

222 575 300 634 fiteri
327 593 375 634 res
402 577 441 634 sit
467 575 561 634 facilis
590 581 620 634 et
645 577 800 650 unicuique
831 594 905 650 quae
938 578 1035 635 dicere
1062 578 1133 635 velit

222 677 272 730 aut
298 672 373 729 nolit
399 671 532 741 liberum,
555 671 642 743 agite,
659 671 743 729 vobis
758 689 821 730 mos
837 677 969 744 geratur:
994 672 1132 730 adveniat

187 766 284 826 silla!
312 800 355 806 -—

264 869 423 927 Auditor.
450 868 544 938 Salve,
567 869 708 941 magister
728 873 837 927 noster.

264 963 407 1020 Eokius.
431 963 473 1020 Et
494 967 535 1033 tu,
558 968 652 1035 pater,
677 964 764 1021 salve.

264 1057 434 1115 Auditor.
460 1056 519 1114 Cur
541 1062 662 1116 vocatus
686 1055 769 1114 sum?

265 1151 406 1210 Eokius.
431 1152 471 1209 vt
493 1152 601 1209 delicta
622 1169 688 1210 mea
710 1152 822 1209 audias.

172 1273 200 1315 10
264 1255 427 1312 Auditor.
452 1254 515 1312 Iam
537 1255 640 1312 millies
664 1254 775 1327 audivi;
800 1255 900 1326 oooipe
924 1259 1029 1312 tamen.

264 1357 405 1415 Eckius¹
435 1357 499 1430 Ego
528 1357 654 1416 Ioannes
681 1357 802 1428 Eokius,
831 1358 937 1415 artium
968 1356 1131 1414 liberalium

222 1453 362 1524 magister
383 1468 418 1510 ao
441 1468 543 1509 sacrae
566 1451 732 1525 theologiae
755 1452 868 1521 doctor,
895 1453 964 1509 lieet
986 1451 1131 1524 indignus

224 1547 379 1604 canonicus
401 1547 599 1619 Eystettensis
622 1563 708 1604 verus
732 1552 762 1604 et
776 1564 835 1604 non
849 1545 944 1616 fictus,
968 1551 1001 1603 ut
1016 1546 1133 1620 quidam

221 1646 355 1712 nugatur,
372 1641 561 1699 cancellarius
578 1646 642 1711 eta,
661 1641 826 1699 ordinarius
842 1646 908 1712 eto,
918 1642 989 1699 iuris
1001 1641 1134 1699 oononioi

172 1753 199 1796 15
223 1735 334 1803 doctor,
359 1736 451 1792 uirilis
473 1752 543 1793 vero
570 1735 764 1807 doctissimus,
793 1735 921 1807 ItaliouS,
949 1736 1132 1805 Andriscus

222 1829 382 1887 Saxonious
405 1831 601 1902 triumphator
623 1836 652 1888 et
674 1847 789 1903 semper
812 1875 818 1887 .
845 1875 851 1887 .

266 1940 430 1998 Auditor.
457 1937 721 2017 ..ματαιότατος
748 1958 799 1998 seu
825 1942 917 1998 mavis
938 1937 1129 2018 μωρότατος.

223 2034 299 2104 Quin
321 2039 353 2092 tu
375 2040 498 2108 peecata
512 2051 663 2108 recenses;
686 2035 743 2093 hoc
758 2036 834 2093 enim
849 2036 960 2093 iactare
984 2041 1037 2106 ost,
1053 2036 1132 2094 haud

224 2128 365 2187 confiteri.

172 2249 202 2292 ao
266 2232 406 2290 Eokius
432 2232 589 2302 Quaenam,
614 2232 730 2303 malum,
753 2230 895 2306 peecata?

266 2326 426 2384 Auditor.
451 2327 669 2384 Temulentiam.

266 2419 409 2478 Eokiua
434 2421 475 2477 At
498 2438 549 2478 our
571 2418 660 2478 sitio?

268 2514 436 2572 Auditor.
459 2499 634 2572 Libidinem.

267 2607 408 2666 Eokius.
433 2608 585 2667 Humanae
607 2614 730 2666 naturae
752 2607 940 2682 fragilitatem
964 2606 1058 2667 diois?

268 2711 431 2769 Auditor.
456 2712 607 2770 Invidiam.

268 2812 411 2871 Eokius
436 2813 588 2871 Peculiare
611 2814 814 2886 theologorum
835 2810 957 2870 vitium?

268 2915 431 2973 Auditor.
456 2916 541 2974 Iram.

268 3017 410 3075 Eckins.
435 3017 476 3074 Et
498 3018 561 3090 quis
585 3018 673 3074 animi
700 3018 852 3090 passiones
880 3034 995 3090 semper
1016 3016 1133 3076 frenare

225 3110 345 3184 possut?

157 3231 204 3274 ‘uo
269 3215 433 3273 Auditor.
459 3213 518 3272 Cur
539 3215 630 3287 igitur
651 3232 697 3273 me
720 3212 891 3273 advocasti?

269 3308 413 3366 Eokius.
439 3308 499 3366 Cur
520 3309 610 3382 igitur
630 3311 715 3367 amici
731 3307 863 3368 iussere?
886 3309 956 3367 Mea
971 3309 1047 3366 enim
1062 3308 1134 3365 nihil

225 3400 380 3460 referebat.

161 3531 366 3540 ——-—---—-

231 3594 253 3628 ¹⁷
270 3593 454 3649 Vanissimus.
493 3593 691 3650 stultissimus.
