2660 4140
501 183 611 229 uomvs
633 184 824 230 annonaria.
1130 174 1146 230 7

282 357 429 416 Eelrius.
454 359 552 417 hister
573 359 701 434 fuliginis
724 361 929 432 carbonariam
958 361 1087 433 quamvis
1111 360 1148 418 de

239 454 386 510 canonicis
418 459 532 511 tantum
560 455 628 512 dixi.
684 456 742 514 Sed
776 455 845 529 quid
871 459 972 528 posset
1002 455 1147 528 trilinguis

238 547 296 617 ille,
331 546 460 606 Cerbero
492 549 613 621 tricipiti
646 551 776 619 invisior,
811 555 841 608 et
874 544 1149 629 ἀρχιγραμματεύς

238 641 455 700 chamaeleonte
479 641 594 702 varior?

202 765 217 806 a
281 745 404 803 Amici.
429 747 522 805 Nemo
545 749 635 820 igitur
659 749 810 820 Augustae
834 747 968 806 doctrina
990 745 1126 806 excellit?

280 849 421 908 Eckius
446 852 538 909 Nemo
562 852 673 921 hercle,
701 869 769 909 nam
791 852 910 910 crimine
937 851 974 910 ab
994 869 1052 910 uno
1068 852 1148 910 disee

239 961 352 1002 omnes:
387 963 452 1003 cum
485 947 561 1004 enim
592 947 747 1019 aliquando
785 964 924 1020 perquam
957 947 1073 1020 egregie
1106 946 1149 1004 ibi

239 1039 447 1098 declamassem
463 1045 549 1114 atque
566 1057 665 1098 omnes
688 1041 797 1114 ingenii
819 1059 924 1099 nervos
947 1041 1146 1110 intendissem,

238 1139 336 1206 gestus
369 1140 524 1206 praeterea
557 1141 824 1208 repraesentassem
855 1136 983 1206 Italicos
1018 1137 1147 1195 insanire

186 1247 214 1288 io
236 1218 282 1286 me
295 1228 431 1287 dicebant
442 1235 529 1302 atque
544 1230 717 1288 histrionem
732 1230 927 1304 appellabant,
943 1232 1073 1304 quamvis
1088 1231 1148 1290 bel·

237 1323 346 1381 tissime
369 1323 498 1382 fabulam
521 1325 720 1382 desaltassem.

281 1426 380 1484 Puer.
405 1427 471 1486 Ναὶ
492 1422 567 1498 ὄνος
588 1424 669 1506 πρὸς
690 1422 799 1488 αὐλόν.

280 1530 402 1589 Amici.
427 1532 522 1605 Inepti
545 1539 575 1590 et
597 1532 766 1590 deliciarum
789 1533 957 1591 italicarum
979 1533 1088 1606 ignari!

280 1634 422 1693 Eelrius.
447 1635 523 1706 Quin
544 1636 615 1694 mihi
638 1635 731 1695 fustes
754 1637 921 1695 comminati
944 1641 1020 1695 sunt.

188 1755 217 1797 15
281 1739 401 1796 Amici.
426 1733 474 1808 Ἐς
495 1735 650 1816 κόρακας1

280 1841 423 1900 Eekius.
448 1843 566 1902 Iustane
589 1845 679 1916 igitur
693 1845 807 1902 timoris
823 1861 921 1914 eausa,
945 1860 1019 1917 quae
1034 1844 1065 1902 in
1079 1860 1146 1902 con-

239 1939 363 1994 stantem
386 1939 474 1994 etiam
496 1938 589 1995 virum
612 1939 717 1996 cadere
740 1936 861 2010 posset?

279 2041 401 2098 Amici.
427 2041 598 2098 Iustissima.
628 2041 655 2098 A
683 2039 868 2113 Nurinberga
900 2041 990 2112 igitur
1016 2041 1146 2099 medicos

237 2133 457 2207 advocabimus;
480 2151 547 2193 nam
570 2141 601 2193 et
622 2135 680 2193 illic
695 2136 805 2193 amicos
820 2135 953 2208 possides
969 2134 1146 2206 innumeros,

185 2245 216 2287 ao
236 2228 413 2288 Bilibaldum
447 2231 557 2288 scilicet
589 2231 670 2288 illum
703 2235 733 2288 et
756 2231 869 2288 animae
891 2235 960 2288 tuae
983 2229 1144 2300 dimidium,

235 2325 385 2397 utriusque
408 2326 480 2382 iuris
507 2325 646 2384 dolorem.

277 2427 419 2486 Eckius.
443 2428 583 2486 Dolorem
606 2425 723 2486 dicitis?

278 2532 401 2590 Amici.
424 2531 585 2590 Doctorem
608 2532 705 2590 dicere
727 2529 904 2589 volebamus.

277 2625 419 2684 Eckius.
445 2624 623 2697 Quemnam?
647 2626 735 2684 Haud
757 2627 834 2684 enim
857 2626 929 2683 satis
952 2625 1098 2699 intellego.

184 2747 213 2789 15
278 2730 401 2788 Amici.
427 2731 593 2789 Gloriosum
619 2731 712 2800 illum,
740 2731 889 2799 insulsum,
918 2731 1060 2802 supinum,
1095 2729 1146 2787 ad·

233 2829 395 2898 rogantem,
420 2826 500 2883 cuius
523 2831 616 2898 pater,
641 2827 721 2884 cuius
744 2829 846 2894 mater,
871 2821 990 2881 nostin?

276 2927 421 2986 Eckius.
447 2929 523 2999 Quid
546 2929 575 2986 ni
595 2929 734 2998 noverim,
759 2928 839 2986 cuius
855 2944 948 3000 nuper
962 2925 1144 2985 interfuerim

234 3023 343 3095 nuptiis
373 3023 472 3096 ibique
498 3041 558 3081 non
579 3024 695 3096 penitus
723 3023 815 3081 invita
841 3022 1007 3080 saltaverim
1029 3021 1144 3080 Venere

233 3133 288 3175 nce
311 3118 373 3175 sine
396 3118 585 3190 glabellarum
602 3123 631 3175 et
646 3117 845 3190 argutularum
859 3116 1032 3175 feminarum
1046 3115 1142 3184 laude,

182 3228 212 3271 30
234 3228 289 3284 quo
324 3213 412 3270 etiam
445 3213 477 3270 in
510 3212 696 3285 explorandis
724 3211 900 3270 Lutheranis
930 3211 1055 3283 negotiis
1088 3227 1143 3282 pro

233 3306 415 3378 specidatore
438 3325 507 3365 usus
531 3325 602 3378 sum,
631 3323 698 3364 nam
724 3306 765 3364 illi
793 3323 824 3364 se
851 3306 974 3364 amicum
1000 3301 1139 3377 fingebat.

169 3433 374 3442 --—-.—-—.

237 3489 259 3524 ¹²
277 3489 324 3543 Ita
341 3489 435 3545 asinus
454 3491 489 3544 ad
507 3489 612 3546 tibiam.

236 3575 259 3608 ¹⁶
276 3575 323 3628 Ad
341 3590 445 3629 corvos.
