2660 4140
191 199 231 255 '24
515 213 626 259 uomvs
647 212 839 259 oaoouurvs.

255 387 347 444 soltus
381 388 520 445 tremulus
555 393 585 446 et
610 387 798 447 formiculam
824 390 988 462 proximum
1014 391 1165 448 interitum

255 482 406 538 imminere
433 483 633 556 praenuntiam
664 488 694 540 ot
723 484 780 540 nisi
810 488 939 542 actutum
967 483 1164 554 subveniatur,

257 576 293 633 de
316 580 345 632 te
368 580 465 633 actum
488 581 541 633 cst.

298 677 438 735 Eckius
462 678 550 736 Nulla
571 678 662 750 igitur
684 695 750 751 spes
775 679 876 737 salutis
900 677 1053 752 superest?

220 798 234 840 s
300 779 504 852 Chirurgus,
539 779 685 854 Perquam
712 783 822 852 tenuia,
850 799 917 840 nam
945 787 975 839 et
1000 782 1166 840 medicandi

256 875 332 932 ratio
355 874 477 946 periculi
499 875 600 947 plena;
625 893 683 934 non
706 876 799 934 solum
815 878 891 934 enim
906 872 1094 956 φαρμάκοις,
1113 877 1167 935 sed

257 973 287 1025 et
308 975 487 1038 καυστικοϊς
509 970 649 1027 utendum
672 971 736 1040 erit,
766 971 884 1029 morbus
912 972 989 1028 enim
1012 972 1098 1028 altius
1121 989 1167 1030 ra·

257 1063 336 1120 dices
365 1064 438 1136 egit,
467 1069 553 1137 atque
582 1066 675 1122 omnis
705 1066 748 1122 vis
775 1065 843 1122 mali
870 1065 901 1122 in
927 1067 1108 1138 praecordiis
1137 1072 1168 1124 et

172 1186 174 1190 .
257 1156 310 1215 sub
334 1161 400 1215 oute
422 1158 503 1216 latet.

207 1277 234 1320 10
299 1259 444 1318 Eckius.
470 1261 546 1331 Quid
568 1262 660 1334 igitur
681 1263 835 1335 agendum,
860 1279 876 1320 o
901 1259 1005 1320 amici?

299 1363 419 1421 Amici.
445 1363 520 1434 Quid
549 1364 628 1422 aliud
651 1382 736 1438 quam
762 1364 898 1423 fortunae
927 1365 1021 1423 aleam
1048 1363 1168 1423 subire?

256 1456 405 1530 Siquidem
427 1458 512 1530 longe
535 1459 637 1532 satius
651 1465 696 1517 est
719 1459 771 1516 sub
795 1475 846 1532 spe
868 1461 1010 1532 pristinae
1033 1461 1169 1518 sanitatis

255 1551 474 1622 recuperandae
496 1554 593 1624 perire
621 1570 706 1626 quam
729 1554 848 1610 assiduo
872 1554 973 1612 dolore
995 1552 1166 1624 conflictari,

254 1645 452 1702 imminentem
474 1650 572 1704 tamen
593 1647 744 1704 interitum
766 1647 845 1704 haud
868 1647 994 1719 effugere
1017 1665 1112 1720 posse.

206 1765 233 1807 15
298 1747 443 1805 Eckius
460 1747 499 1804 Vt
514 1749 609 1819 video,
625 1749 746 1807 basilice
761 1750 869 1820 interii,
886 1767 953 1807 nam
968 1751 1045 1808 inter
1056 1767 1168 1808 sacrum

255 1858 413 1914 saxumque
437 1847 491 1899 sto.

300 1943 504 2018 Chirurgus.
530 1945 589 2004 Sed
604 1947 675 2004 heus
691 1950 731 2016 tu,
757 1947 834 2020 quod
848 1963 941 2019 paene
957 1946 1064 2004 oblitus
1081 1963 1169 2015 eram,

254 2056 399 2112 nunquam
432 2039 486 2096 tibi
519 2046 641 2112 propter
666 2041 787 2112 periculi
814 2027 1041 2113 magnitudinem
1068 2057 1171 2098 manus

255 2133 431 2204 admovebo,
455 2135 512 2191 nisi
534 2151 588 2206 pro
611 2140 726 2192 mortuo
749 2135 821 2192 mihi
844 2135 969 2193 traditus
996 2133 1102 2204 fueris,
1126 2140 1168 2204 ut,

205 2245 234 2288 ao
258 2229 283 2284 si
312 2228 390 2284 inter
416 2229 572 2286 secandum
599 2245 718 2301 pereas,
754 2229 790 2286 ab
819 2230 896 2286 omni
923 2230 1008 2301 culpa
1034 2230 1170 2286 immunis

259 2337 380 2380 censear
403 2327 432 2378 et
454 2322 537 2380 liber.

298 2427 441 2484 Eckius.
466 2426 507 2484 Et
522 2427 595 2486 haec
611 2428 759 2484 calamitas
777 2428 842 2484 alia.
872 2427 946 2496 Heu,
964 2428 1029 2496 heu,
1047 2432 1172 2498 quantus

257 2519 364 2578 artifex
389 2521 493 2592 pereo!

300 2624 422 2680 Amici.
447 2624 584 2680 Animum
607 2625 800 2682 commascula
822 2629 915 2694 tunm,
943 2629 1056 2681 utnon
1079 2624 1172 2681 solum

207 2717 383 2786 manamine,
413 2717 465 2774 sed
492 2719 579 2774 etiam
607 2734 639 2774 re
666 2719 731 2790 ipsa
759 2718 888 2775 Keckius
911 2719 1052 2790 videaris3
1080 2719 1172 2776 multa

257 2811 333 2868 enim
356 2827 429 2883 quae
452 2828 511 2870 non
533 2813 696 2884 speraveris
720 2813 891 2884 quandoque
915 2813 1059 2870 eveniunt.

300 2913 447 2971 Eckius
471 2913 552 2988 Ergo
575 2914 736 2986 periculum
759 2914 940 2972 subeundum
963 2911 1109 2973 censetis?

299 3015 422 3072 Amici.
448 3017 576 3087 Quidni
600 3015 790 3076 censeamus?
814 3017 921 3076 Peristi
945 3018 1029 3088 enim,
1053 3018 1110 3075 nisi
1124 3033 1174 3089 pe·

257 3109 404 3168 riciiteris.

206 3231 235 3273 ao
300 3212 444 3270 Eckius.
469 3212 570 3285 Neque
593 3214 652 3270 iam
668 3214 745 3271 salus
761 3215 833 3285 ipsa,
858 3214 883 3270 si
899 3213 967 3284 vult,
992 3230 1039 3271 me
1054 3229 1173 3272 servare

257 3311 364 3378 potest.

300 3409 421 3466 Amici.
440 3407 575 3466 Confido!
592 3409 676 3465 Prius
692 3414 790 3465 tamen
806 3407 997 3466 confessionis
1010 3409 1174 3466 auditorem

259 3502 476 3573 advocabimus,
501 3503 548 3573 qui
572 3507 600 3558 te
625 3519 642 3560 a
666 3501 833 3560 criminibus
857 3503 976 3574 expiare
998 3504 1102 3560 valeat.

299 3596 442 3654 Eckius
467 3597 495 3652 A
517 3593 706 3654 criminibus?
731 3594 929 3666 Quibusnam?
