2660 4140
534 247 645 294 ECKlVS
668 248 859 295 annonariis

312 423 462 483 Rubeus.
487 424 579 495 Quam
601 423 805 483 libentissime!
833 425 892 484 Sed
915 427 1044 499 nunquid
1066 426 1181 485 litteras

270 520 309 578 ad
330 520 410 577 illum
434 518 608 577 deferendas
630 516 774 577 tradetis?

313 622 454 679 Rector.
483 621 532 678 Nil
558 637 678 678 necesse
707 621 775 690 erit,
804 638 869 678 cum
896 620 933 679 ob
959 623 1091 695 egregias
1114 628 1180 682 tuas

271 717 395 773 virtutes
418 719 448 773 et
469 715 594 787 plurima
615 713 770 773 benefacta
792 719 844 772 tua
865 716 911 774 vel
926 718 1113 789 praecipuam
1128 718 1182 776 tibi

234 809 358 872 elidem
389 809 529 868 adhibeat
562 815 592 866 et
624 826 678 866 nos
711 811 851 881 temporis
886 811 995 868 exclusi
1028 812 1182 885 iniquitate

270 904 398 964 scribere
426 920 617 976 nequeamus;
645 903 742 960 verbis
774 905 864 976 igitur
893 906 1002 962 nostris
1031 906 1181 965 doctorem

270 999 418 1071 egregium
450 998 591 1055 salutabis
624 1003 654 1055 et
686 1003 718 1056 ut
751 999 782 1055 in
815 999 902 1057 solita
935 1001 1098 1070 pertinacia
1129 1019 1182 1060 sua

269 1097 438 1166 perseveret
461 1091 640 1150 admonebis.

312 1193 461 1252 Rubeus
505 1182 612 1250 Sedulo
646 1193 824 1250 curabuntur
858 1195 962 1250 omnia.
992 1194 1073 1252 Ades
1102 1194 1178 1266 dum,

220 1309 248 1352 10
269 1285 434 1366 renovat·

311 1391 516 1463 Chirurgus.
540 1389 607 1447 Etsi
622 1389 659 1447 ob
675 1388 873 1446 Lutheranum
892 1391 1041 1462 negotium
1056 1391 1093 1450 ab
1109 1392 1180 1450 hero

268 1501 333 1544 meo
356 1485 412 1542 huc
434 1485 539 1542 missus
563 1501 634 1553 sum,
658 1489 691 1540 nt
713 1489 811 1541 tamen
833 1483 916 1541 vobis
939 1501 1049 1544 morem
1071 1503 1179 1559 geram,

266 1581 392 1638 libenter
423 1577 472 1635 ibo
503 1577 628 1635 forsitan
653 1595 712 1635 non
738 1579 832 1634 minus
860 1577 976 1635 domino
1003 1597 1068 1637 meo
1096 1598 1180 1654 quarn

268 1673 350 1732 vobis
372 1673 444 1745 ipsis
467 1689 529 1729 rem
551 1675 664 1744 gratam
686 1671 824 1729 facturus.

218 1795 245 1838 15
311 1774 461 1833 Rubeus.
497 1774 645 1832 Generosa
672 1773 759 1846 facis3
787 1792 899 1832 mecum
924 1777 1015 1849 igitur
1042 1775 1175 1844 concede,

266 1863 442 1938 animulae,
467 1885 540 1942 quae
563 1869 677 1926 litteras
701 1870 806 1938 attulit,
831 1886 1002 1942 responsum
1025 1871 1134 1929 demus.

310 1973 513 2044 Chirurgus
539 1971 595 2028 Vbi
618 1989 653 2029 ea
676 1969 741 2029 est?

311 2076 461 2133 Rubeua
485 2074 573 2132 Domi
596 2091 678 2132 meae
702 2076 860 2147 opperitur.

311 2178 514 2251 Chirurgus.
539 2178 648 2236 Eamus
671 2179 769 2250 igitur.
787 2213 829 2218 ——

216 2301 245 2343 ao
310 2281 459 2339 Rubeus.
495 2280 542 2336 En
563 2280 652 2338 illam.
686 2280 855 2349 Laetaris,
885 2286 978 2338 mater
1002 2296 1080 2348 mea,
1108 2297 1177 2338 nam

269 2381 373 2435 cuncta
396 2393 432 2434 ex
455 2376 543 2433 animi
566 2375 609 2432 tui
632 2379 782 2433 transacta
805 2380 870 2432 sunt
894 2376 1047 2433 sententia.

311 2478 469 2537 Canidia.
493 2478 587 2546 Euan,
611 2494 751 2550 perquam
774 2479 865 2536 amice
889 2484 994 2535 actum.
1024 2477 1083 2535 Sed
1105 2495 1177 2534 nun-

268 2574 337 2646 quid
359 2574 473 2630 litteras
497 2573 613 2640 dabitis‚
642 2577 674 2628 ut
698 2572 814 2630 domino
838 2589 902 2630 meo
925 2578 985 2630 tarn
1007 2574 1179 2630 immensum

268 2668 405 2740 gaudium
428 2663 617 2725 adnuntiem?

216 2789 245 2830 aa
310 2768 466 2827 Rubeus.
490 2768 539 2825 Nil
555 2785 627 2839 opus
644 2772 689 2825 est
703 2767 818 2836 litteris
836 2767 899 2824 illas
916 2767 992 2824 enirn
1009 2784 1058 2826 ore
1074 2767 1174 2826 feram.

309 2870 466 2930 Canidia.
491 2870 550 2928 Sed
572 2870 701 2943 nunquid
723 2867 966 2928 umectabuntur?

308 2973 462 3032 Rubeus.
489 2973 624 3042 Minime,
647 2973 842 3044 iampridem
865 2974 941 3030 enirn
963 2973 1005 3029 ita
1027 2971 1105 3030 ferre
1128 2972 1178 3030 ad·

268 3069 358 3126 suevi.

311 3169 473 3228 Canidia.
499 3170 539 3226 At
562 3169 631 3242 quid
654 3169 690 3226 de
712 3166 848 3227 medico?

216 3291 245 3334 ao
310 3273 459 3331 Rubeus.
484 3273 587 3341 Adest,
613 3289 649 3329 en
671 3273 718 3330 hic
741 3289 825 3346 quern
849 3273 952 3329 cernis,

310 3375 467 3433 Canidia,
491 3375 662 3431 Medicusne
679 3375 725 3431 hic
742 3380 786 3432 est
803 3373 933 3432 carnifici
945 3391 1003 3432 non
1015 3369 1175 3432 absimilis?

307 3477 458 3535 Rubens
484 3473 541 3554 Μὴ
564 3470 697 3546 damnus,
721 3493 788 3534 narn
811 3477 968 3535 admodum
990 3479 1020 3534 in
1043 3482 1106 3534 arte
1123 3490 1176 3532 sua

203 3596 407 3603 --.-.---.--

270 3643 291 3676 ³²
310 3643 352 3696 Ne
370 3642 468 3696 morde.
