2660 4140
174 245 212 302 14
494 256 606 302 ucmvs
628 256 819 304 uroouarva

239 433 368 505 redigat,
404 433 647 505 quomadmodum
680 435 742 506 ipse
772 433 907 491 titionem
933 434 1026 505 illum,
1062 452 1146 509 quem

236 528 304 585 olim
326 544 412 585 manu
435 533 537 586 tenens
560 529 591 585 in
612 529 709 600 ignem
730 528 903 601 proiciebat.

279 621 438 680 Canidia.
454 623 578 695 Amabo,
589 628 671 680 estne
677 622 823 681 Lutberus
835 624 866 680 in
877 623 1010 681 manibus
1019 623 1145 683 vestris?

278 725 428 783 Rubeus.
454 725 477 784 0
501 727 527 782 si
550 731 636 795 esset,
660 727 706 784 vel
728 726 783 783 lrao
805 727 879 784 hora
893 743 947 798 per
961 727 1144 798 Husitanam,

199 838 213 880 a
236 837 321 893 quam
340 820 459 890 incedit,
481 821 632 878 incederet
651 820 741 878 viam!
765 820 873 878 Verum
895 837 959 878 curn
974 821 1067 892 abest,
1088 839 1144 895 quo

235 913 303 972 dolo
327 914 467 986 quibusve
491 915 673 986 opprimatur
694 914 856 984 fraudibus
884 916 942 973 iam
966 916 1144 990 consultant;

235 1026 302 1066 nam
319 1025 383 1066 oum
398 1010 426 1066 vi
453 1015 555 1081 aperta
570 1013 725 1082 nequeunt,
749 1009 829 1066 illum
850 1010 1011 1067 clanculum
1027 1011 1146 1068 circum-

235 1103 334 1161 venire
362 1108 413 1161 aut
440 1105 465 1160 si
492 1105 535 1161 ita
564 1104 756 1162 commoditas
784 1103 897 1174 tulerit,
923 1105 1012 1162 etiarn
1035 1122 1145 1163 veneno

235 1197 338 1255 tollere
362 1202 507 1270 satagunt.

187 1318 215 1360 1o
281 1299 439 1358 Canidia.
464 1301 621 1358 Venerione
638 1301 767 1373 theologi
782 1317 884 1357 manus
901 1301 1064 1372 obarmant‚
1086 1307 1149 1360 arte

236 1395 285 1452 illa
307 1395 448 1467 peculiari
470 1392 591 1453 nostra?

279 1497 431 1555 Rubeus.
456 1497 590 1567 Veneno,
614 1498 745 1570 inquam,
775 1503 833 1565 aut,
858 1498 1010 1567 simarum,
1034 1499 1147 1557 toxico:

236 1592 320 1650 dolus
336 1609 373 1649 an
385 1593 486 1662 virtus,
508 1593 571 1664 quis
587 1593 618 1648 in
632 1593 717 1650 hoste
733 1589 882 1664 requirat?
900 1591 958 1650 Sed
969 1609 1053 1652 mane
1071 1593 1147 1660 dum,

235 1687 293 1744 ianr
317 1687 406 1744 adero
432 1691 462 1744 et
484 1687 620 1758 quidnam
644 1687 757 1758 egerint
779 1687 941 1760 expediam.

187 1807 215 1849 15
281 1787 440 1846 Canidia.
466 1787 677 1846 Praestolabor
698 1789 795 1861 igitur.
820 1823 862 1829 ——

280 1891 430 1948 Rubeus.
455 1891 587 1962 Aperite,
612 1897 711 1963 patres
736 1893 905 1964 conscripti,
930 1893 1051 1964 aperito,
1074 1908 1148 1970 χρυ·
1314 1881 1315 1886 ’

238 1983 314 2044 σοῧν
335 1981 397 2064 γὰρ
419 1980 562 2060 ἀγγέλλω
584 1979 671 2054 ἔπος.

172 2099 246 2157 [siju]
280 2089 419 2146 Rector.
449 2087 533 2146 Bona
564 2088 654 2160 igitur
681 2083 864 2169 adnuntiq'ans
891 2088 969 2146 bona
995 2088 1148 2161 ingredere
1312 1897 1316 2160 ἡ

237 2183 363 2242 fortuna.

186 2305 215 2348 ao
280 2286 432 2344 Rubeus.
460 2287 608 2357 Accipite,
635 2285 732 2343 videto
756 2290 787 2343 et
808 2287 896 2358 legite
918 2286 1031 2343 litteras
1054 2300 1149 2342 sacra-

237 2382 365 2439 tissimas
389 2398 406 2439 a
429 2381 626 2438 sacratissimo
650 2380 712 2438 viro
737 2381 926 2452 conscriptae.

280 2485 420 2541 Rector.
449 2482 529 2542 Cedo
545 2483 643 2556 igitur.
668 2483 730 2540 Iam
745 2483 842 2556 legere
858 2483 976 2555 incipio,
1000 2498 1085 2539 aures
1102 2480 1150 2538 ad-

237 2578 336 2635 hibete
358 2578 507 2649 benignas.

280 2672 403 2741 Eckius,
432 2688 516 2744 quem
531 2688 582 2729 vos
599 2671 754 2740 Keclrium,
785 2677 814 2729 et
840 2672 916 2729 iuste
945 2671 1073 2744 quidem,
1103 2686 1151 2740 ap-

187 2785 216 2828 at
237 2767 365 2840 pellatis,
401 2783 502 2824 sacrae
535 2766 659 2838 paginae
694 2782 729 2822 ac
762 2766 834 2822 iuris
868 2766 1000 2823 canonici
1038 2765 1150 2833 doctor,

238 2863 306 2920 licet
342 2861 490 2933 indignus
536 2859 704 2918 scientificis
742 2865 773 2917 et
809 2860 1031 2932 spectatissimis
1072 2859 1150 2926 viris,

238 2956 420 3027 theologicae
443 2954 590 3013 facultatis
618 2954 787 3012 doctoribus
814 2959 844 3012 et
870 2955 1017 3026 magistris
1043 2952 1152 3011 nostris

238 3049 427 3122 Lipsensibus
455 3049 483 3106 S.
506 3049 537 3106 P.
560 3049 596 3108 D.
626 3049 656 3106 Si
683 3050 799 3118 valetiS,
834 3049 889 3105 viri
917 3046 1082 3117 scientifici,
1108 3051 1153 3104 ost

238 3151 271 3202 ut
297 3145 371 3202 volo.
406 3143 527 3215 Quantis
554 3160 623 3202 vero
652 3143 866 3201 calamitatibus
900 3143 1071 3214 quantisque
1098 3157 1152 3212 ego

188 3259 217 3301 eo
240 3239 388 3298 conlucter
419 3237 653 3307 difficultatibus,
681 3255 736 3296 nec
763 3237 833 3294 mihi
864 3236 991 3294 scribere
1024 3252 1079 3293 nec
1105 3251 1153 3292 vo·

238 3335 284 3393 bis
307 3335 405 3406 legere
428 3338 525 3405 vacat3
550 3332 606 3390 hoc
632 3333 725 3389 solum
752 3330 879 3389 sufficiat
906 3347 964 3388 nou
992 3346 1056 3388 csse
1084 3329 1153 3386 milri

203 3429 205 3434 '
240 3430 368 3488 deterius
392 3444 478 3500 quarn
501 3428 546 3484 cui
570 3427 609 3484 sit
630 3427 765 3497 pessime.
791 3425 862 3483 Cum
885 3426 987 3498 igitur,
1012 3425 1067 3481 viri
1090 3439 1153 3481 sua·

239 3524 358 3593 vissirni,
383 3522 473 3579 vestri
495 3521 591 3594 gratia
613 3521 644 3577 in
666 3537 716 3578 eas
739 3521 949 3592 praecipitatus
973 3520 1027 3576 sim
1044 3534 1154 3576 aerum-

221 3673 267 3707 10‘·
284 3674 408 3728 Aureum
426 3669 559 3724 adnuntio
579 3668 698 3722 verbum.
