2660 4140
462 263 573 309 scmus
595 260 786 306 DEDOLATVS.
1071 251 1107 308 15

203 457 269 510 nas,
299 457 335 498 ex
361 439 464 512 quibus
492 439 540 496 vix
566 455 611 496 me
635 437 711 495 salus
734 438 812 509 ipsa,
842 437 956 494 etiamsi
981 438 1114 510 voluerit,

204 535 317 607 eripere
346 535 448 606 possit,
477 551 531 606 per
557 533 714 590 amicitiam
747 537 891 601 nostram,
926 530 1013 590 fidem
1047 551 1116 592 vero

202 635 331 688 vestram
343 645 394 686 oro
408 633 494 701 atque
511 627 652 697 obtestor,
669 632 702 684 ut
717 627 810 684 amico
824 627 853 683 in
865 628 1002 684 extremis
1019 629 1118 701 agenti

202 730 232 784 et
259 727 372 782 tautum
406 738 465 780 non
497 722 677 780 conclamato
710 721 888 778 subveniatis
921 726 950 778 et
987 739 1023 780 ne
1055 727 1116 780 tam

165 839 179 880 s
202 819 307 876 misere
323 821 434 888 pereat,
461 815 567 874 medici
583 815 704 873 alieuius
720 815 807 888 periti
823 831 914 888 opera
929 818 1115 889 succurratis,

205 913 252 986 qui
280 929 339 969 non
366 915 426 968 tam
453 927 499 968 me
525 910 596 967 mihi
624 927 709 982 quam
736 908 818 967 vobis
845 910 930 981 ipsis
960 912 1117 984 praecipue

203 1023 271 1065 vero
295 1005 359 1063 sedi
381 1004 569 1077 apostolieae,
594 1021 611 1061 a
634 1021 690 1076 qua
711 1021 787 1060 nunc
809 1008 946 1076 tanquam
968 1005 1118 1064 Romanae

203 1095 344 1160 ecclesiae
367 1103 568 1171 propugnator
589 1115 691 1165 vocor,
717 1115 817 1156 sanum
840 1098 1006 1171 salvumque
1035 1101 1118 1157 resti·

205 1200 277 1252 tuat.
302 1193 337 1250 Id
353 1193 378 1251 si
393 1191 452 1261 fiet,
475 1198 505 1250 et
520 1193 643 1250 salutem
658 1208 760 1261 meam,
778 1197 810 1249 ut
826 1193 942 1264 quidem
957 1194 1038 1252 vitali
1054 1211 1118 1266 per·
1177 1237 1191 1262 ο

154 1310 184 1351 10
205 1289 287 1346 fruar
309 1303 390 1356 aura,
406 1303 460 1344 nec
481 1303 541 1343 non
556 1286 718 1358 apostolica
741 1303 813 1357 quae
837 1303 922 1358 spero
939 1304 1059 1345 munera
1085 1305 1119 1346 ac

206 1381 418 1440 cardinalatum
440 1380 534 1452 ipsum
556 1379 639 1438 vobis
662 1385 813 1452 acceptum
835 1379 936 1438 feram.
964 1380 1044 1439 Bene
1072 1399 1120 1440 va·

206 1479 273 1546 lete,
298 1475 482 1534 oonathletae
505 1473 657 1531 fortissimi
678 1473 895 1546 Lutheranique
917 1475 1017 1532 hostes
1041 1493 1120 1534 acer-

204 1571 279 1639 rimi,
304 1575 390 1641 atque
413 1569 506 1626 amico
529 1573 626 1626 vestro
651 1584 736 1640 opem
757 1567 835 1626 ferre
851 1569 930 1626 haud
944 1570 1115 1642 neglegatis.

209 1664 284 1733 Cito,
309 1664 375 1732 cito,
401 1662 473 1720 cito!

160 1779 187 1821 15
273 1758 347 1828 Pro,
375 1757 420 1814 cui
449 1757 558 1828 scripta
585 1760 645 1813 tam
671 1757 850 1814 miserabilia
880 1758 1014 1816 lacrimas
1041 1759 1121 1818 haud

211 1849 424 1924 exprimerent?
448 1851 522 1920 Heu,
547 1851 612 1920 heu,
637 1850 721 1920 Eski,
746 1851 832 1920 Keki,
855 1851 944 1909 Lekil
969 1852 1027 1911 Sed
1050 1854 1119 1926 quid

214 1943 372 2019 agendum?
401 1943 585 2016 Impossibile
618 1945 725 2002 etenim
752 1950 796 2002 est
829 1945 886 2002 alio
913 1947 1042 2004 medicos
1070 1949 1119 2005 ad-

212 2041 309 2114 legari‚
338 2057 392 2097 nec
419 2039 450 2096 id
478 2038 515 2096 ob
542 2038 633 2109 pestis
658 2038 809 2095 saevitiam
835 2044 1017 2110 grassantem
1043 2041 1119 2098 cives

210 2136 389 2206 permittent.
436 2133 470 2189 ln
492 2132 620 2190 medium
642 2132 731 2204 igitur
753 2132 904 2202 consulite,
932 2138 1031 2205 patres
1055 2151 1121 2193 con·

160 2248 189 2290 ao
212 2229 321 2301 scripti,
346 2232 376 2286 et
398 2245 470 2301 quae
494 2228 525 2284 in
547 2243 608 2284 rem
632 2227 690 2284 sint
713 2227 833 2299 aperite.

254 2331 387 2389 Patres.
412 2331 480 2388 Non
501 2330 595 2401 longis
618 2329 692 2400 logis
720 2345 792 2401 opus
822 2335 868 2388 est
895 2331 925 2387 in
948 2348 1035 2389 eausa
1060 2337 1121 2389 tam

212 2426 304 2484 ardua
328 2429 358 2482 et
379 2423 429 2481 ubi
451 2424 613 2496 perieulum
643 2424 674 2479 in
700 2440 783 2481 mora
810 2431 863 2482 est.
915 2425 1051 2482 Ceterum
1074 2443 1121 2484 res

212 2521 285 2578 haec
310 2535 369 2576 non
402 2523 522 2588 temere,
557 2516 610 2574 sed
644 2517 717 2574 caeli
743 2518 867 2589 quadam
899 2520 996 2577 evenit
1027 2521 1122 2591 provi·

213 2614 325 2683 dentia,
354 2617 387 2670 ut
413 2617 473 2670 tarn
502 2617 664 2683 opportune
685 2608 864 2691 χειρουργός
890 2613 938 2672 hic
961 2615 1120 2672 advenerit.

161 2727 190 2768 as
214 2707 285 2764 Cum
307 2708 396 2779 igitur
419 2723 455 2764 ex
480 2706 560 2764 omni
590 2710 674 2778 parte
702 2707 740 2762 sit
763 2706 912 2764 absolutus
946 2713 976 2765 et
1002 2709 1032 2765 in
1059 2714 1122 2766 arte

214 2819 266 2859 sua
280 2801 519 2874 perfectissimus,
543 2817 628 2858 nemo
644 2801 693 2857 illo
716 2801 818 2858 melius
833 2800 992 2859 fortissimo
1010 2803 1123 2860 Keckio

214 2901 314 2953 nostro
343 2895 496 2953 subvenire
523 2895 646 2966 poterit:
681 2893 728 2952 ille
763 2911 832 2966 ergo
868 2899 915 2952 eat
949 2901 979 2953 et
1010 2913 1122 2954 omnem

149 3000 234 3057 [sutja]
260 2986 449 3070 diligentiam
476 2989 629 3058 adhibeat,
663 3005 699 3045 ne
731 2993 829 3046 tantus
865 2988 1049 3049 Christianae
1080 2993 1124 3050 rei

214 3082 346 3156 publicae
369 3084 507 3156 splendor
529 3085 738 3154 exstinguatur.

164 3197 192 3238 ao
258 3178 397 3236 Rector.
425 3178 554 3252 Egregia
568 3175 700 3249 profecto
717 3179 862 3236 sententia
877 3182 964 3250 atque
985 3179 1017 3236 in
1040 3195 1125 3251 quam

215 3271 355 3330 ambobus
377 3273 501 3345 pedibus
525 3271 651 3330 cundum
674 3272 720 3328 sit.
745 3271 804 3330 Sed
826 3277 856 3330 et
877 3273 920 3329 ita
946 3289 1051 3331 censeo
1067 3272 1125 3330 Ru-

214 3365 300 3424 beum
315 3367 392 3424 hunc
405 3367 517 3438 pariter
531 3366 597 3433 illac
613 3365 805 3438 delegandum
821 3382 894 3436 esse,
918 3371 951 3423 ut
966 3371 996 3424 et
1011 3367 1124 3425 Keckio

216 3461 325 3518 solacio
354 3461 392 3518 sit
421 3466 450 3517 et
477 3477 600 3532 quanam
622 3460 771 3517 voluntate
798 3461 829 3518 in
851 3460 930 3517 illum
951 3461 1124 3519 exsistamus

216 3553 377 3612 adnuntiet.
412 3554 472 3612 Ibis
495 3555 592 3626 igitur,
616 3552 717 3625 Ebrio,
741 3553 835 3612 Rubie
862 3554 959 3612 dicere
982 3555 1124 3627 volebam,

166 3664 194 3707 aa
217 3664 251 3705 ac
273 3644 452 3725 χειρουργὸν
474 3649 550 3705 hunc
572 3652 667 3704 tecum
691 3647 826 3707 deduces.
