2660 4140
504 265 614 316 111111
636 270 828 317 1111111111.
1109 260 1145 316 41

217 461 318 503 versus
340 444 437 516 fuero,
466 448 552 518 plane
580 446 773 518 satisfaciam,
807 447 922 506 etiamsi
949 445 1076 519 capellus
1102 445 1151 504 ille

219 541 335 610 111111,
359 557 443 613 quem
466 541 615 599 adlaturus
638 559 710 613 sum,
736 542 972 615 oppignorandus
996 541 1042 598 sit.

262 634 466 708 Chirurgus
495 635 596 706 Facis,
619 641 653 694 ut
675 641 704 694 te
731 637 830 710 decet,
859 637 912 694 sed
937 635 1067 710 nunquid
1093 635 1153 693 alia

218 727 350 788 restant?

260 824 403 882 Eckius.
432 824 566 893 Minime,
595 825 651 883 nisi
674 825 751 898 quod
777 823 869 884 ferma
897 825 1004 882 oblitus
1026 822 1149 895 fueram,

187 924 249 980 sut
274 917 436 976 Levanium
459 919 614 992 aliquando
637 918 834 992 proficiscaris
855 923 945 992 atque
967 917 1076 976 ibidem
1091 935 1151 976 ma-

217 1013 317 1086 gistris
339 1014 448 1071 nostris
477 1030 529 1072 seu
556 1015 663 1087 potius
682 1013 851 1086 stuporibus
877 1014 934 1070 illis
958 1013 1076 1086 egregia
1098 1017 1150 1070 tua

216 1107 383 1166 medicandi
411 1112 474 1166 arte
502 1125 668 1181 succurras3
703 1125 771 1166 nam
802 1107 833 1166 hi
860 1124 931 1181 prae
962 1108 1068 1165 ceteris
1101 1107 1152 1164 illa

216 1203 357 1275 indigent.

260 1305 463 1378 Chirurgus.
492 1306 560 1364 Fiet
590 1304 715 1363 forsitan
747 1305 899 1378 obiterque
929 1304 1080 1363 Coloniam
1107 1309 1149 1362 at-

173 1419 201 1461 lo
216 1401 335 1474 tingam.

259 1503 403 1561 Eckius
428 1502 500 1561 Vale
527 1503 629 1575 igitar,
665 1504 799 1575 chirurge
827 1503 948 1575 optime,
982 1519 1049 1560 nam
1076 1507 1148 1560 stre·

216 1615 304 1655 nuam
325 1599 440 1656 navasti
463 1614 590 1670 operam.
615 1597 656 1655 Et
678 1603 718 1668 tu,
742 1597 853 1667 Rubee,
876 1597 949 1654 vale.
975 1597 997 1667 l,
1021 1613 1102 1670 puer,
1121 1601 1151 1654 et

216 1691 369 1750 Canidiam
391 1709 472 1762 voca,
497 1697 530 1749 ut
551 1693 616 1750 illos
639 1691 768 1750 revehat.

258 1805 408 1863 Rubeus
433 1805 491 1862 Per
513 1805 598 1862 deum
621 1803 748 1862 medium
763 1803 873 1875 fidiam,
898 1821 952 1878 ego
969 1821 1027 1862 non
1045 1804 1148 1862 vellem

174 1917 201 1960 15
217 1901 351 1972 accipere
380 1900 480 1957 decem
506 1897 647 1969 florenos,
683 1899 760 1972 quod
794 1913 847 1971 ego
881 1898 984 1956 vellem
1017 1899 1148 1972 equitare

216 2011 306 2066 supra
327 1994 377 2051 illa
399 1993 556 2051 maledicta
570 1993 680 2076 bestia,
704 2009 758 2066 ego
781 1993 847 2051 volo
870 1994 967 2065 potius
989 2010 1043 2065 per
1057 1993 1147 2065 pedes

216 2088 307 2147 abire.

256 2192 400 2250 Eckius.
424 2190 491 2249 Non
515 2192 600 2250 dccet
621 2191 710 2249 talem
732 2191 826 2248 virum
847 2190 971 2264 pedibus
987 2191 1145 2249 ambulare.

257 2304 409 2362 Rubeus.
434 2303 499 2376 Ego
521 2319 581 2362 non
603 2303 762 2362 ascendere
786 2304 908 2376 amphus
934 2321 988 2362 nec
1010 2303 1146 2362 Emsera-

171 2409 257 2466 [Diijb]
285 2416 354 2456 num
378 2398 589 2470 capricornum,
618 2399 643 2456 si
663 2398 790 2468 adesset,
806 2393 809 2478 l
823 2399 890 2472 quia
905 2399 1047 2469 timerem,
1068 2399 1146 2472 quod

214 2493 312 2552 omnia
333 2493 559 2565 permerdarem.

255 2596 400 2654 Eckius.
426 2595 487 2653 Tuo
512 2595 664 2654 arbitratu.
689 2595 799 2653 ltemm
822 2612 891 2669 ergo
914 2596 1017 2654 valete.

256 2699 461 2772 Chirurgus.
488 2698 691 2772 Tu‘quoque,
726 2699 802 2757 Echi
829 2699 979 2770 dedolata,
1014 2701 1077 2760 1111
1111 2719 1146 2760 11

212 2794 387 2864 memineris,
411 2797 444 2850 ut
467 2793 535 2851 dein
557 2792 593 2851 ab
610 2793 721 2852 artibus
737 2794 794 2850 tuis
818 2799 971 2866 temperes
997 2794 1023 2852 si
1044 2795 1147 2854 saltem

168 2907 197 2950 25
213 2889 419 2948 canonicorum
441 2887 626 2945 indoctorum
648 2887 740 2946 fustes
764 2888 889 2962 effugere
913 2889 1073 2948 desideras.
1105 2925 1147 2932 —-
1211 2916 1215 2924 ·

255 2999 400 3058 Chorus.
424 2999 448 3056 Ο
477 2999 564 3056 stulte
592 2999 727 3073 chirurgo
755 3005 785 3058 11
806 3000 891 3072 longe
917 3000 1034 3060 fabulae
1061 3002 1146 3062 huius

211 3095 354 3166 scriptore
378 3093 525 3152 stolidior!
549 3093 601 3152 Ille
624 3094 701 3152 enim
722 3095 838 3167 ineptus
864 3095 952 3153 homo
974 3097 1073 3169 inepte
1095 3115 1145 3154 nu-

209 3193 303 3261 gatur,
327 3188 454 3261 ineptius
477 3205 546 3246 vero
561 3188 693 3247 hominos
708 3187 850 3246 barbaros
865 3188 969 3248 Latine
986 3195 1023 3260 ct,
1049 3192 1073 3248 si
1089 3192 1145 3250 diis

209 3283 314 3354 placat,
339 3281 451 3340 Graece
473 3299 677 3356 nonnunquam
699 3283 849 3355 loquentes
872 3283 1042 3355 introducit,
1066 3285 1146 3358 inep-

167 3395 195 3438 30
210 3377 322 3434 tissime
345 3393 414 3434 vero
438 3377 606 3448 theologum
630 3383 660 3435 et
675 3377 958 3449 praestantissimum
973 3379 1143 3452 magistrum

209 3475 341 3529 nostrum
364 3487 429 3527 cum
451 3470 568 3528 homine
591 3469 727 3529 camifice
751 3473 906 3530 committit
932 3489 967 3530 ac
994 3473 1144 3546 disputare

209 3563 308 3638 fingit,
343 3564 380 3622 ob
409 3580 494 3637 quam
521 3565 567 3622 vel
593 3565 684 3623 solam
707 3582 825 3624 causam
848 3565 884 3624 ab
908 3567 1064 3626 haereticis
1087 3569 1144 3626 illis

210 3657 468 3718 Praedicatoribus
501 3659 722 3731 inquisitoribus
758 3661 946 3732 inquirendus
981 3668 1067 3720 esset.
1102 3663 1146 3720 Tu
