2660 4140
166 231 205 288 42
493 242 603 287 somus
625 241 816 288 annonaria.

206 435 276 476 vero
299 435 360 476 rem
383 419 568 491 desperatam
590 423 620 477 et
634 417 843 491 impossibilem
858 418 979 491 aggredi
992 419 1085 476 andes
1108 435 1142 476 ao

208 513 376 586 theologum
399 514 577 587 eundemque
601 513 806 572 scholasticum
828 513 867 570 ad
888 513 1086 586 frugalitatem
1114 518 1143 570 et

209 625 309 666 sanam
331 613 457 666 mentem
479 625 617 666 revocare
633 609 757 678 conaris,
775 608 852 681 quod
874 613 935 666 tum
951 609 1066 666 demum
1081 607 1141 676 fiet,

203 702 318 775 quando
343 703 416 760 oaeli
438 703 573 760 movendi
597 708 663 760 sunt
686 708 715 760 et
737 708 826 760 terra.

179 893 193 934 s
264 875 341 932 Aeta
364 875 476 933 decimo
501 874 649 932 Kalendas
672 873 774 931 Martii
796 890 871 932 anno
895 873 1044 932 M.D.XX.

455 977 486 1035 in
509 978 647 1049 occipitio
671 977 854 1035 Germaniae.

249 1182 380 1240 Discreti
394 1182 494 1240 fratris
510 1183 657 1240 Dominioi
671 1182 841 1255 Leucopygi
861 1182 1057 1255 Pomposiani,
1082 1201 1144 1242 eur-

207 1277 281 1335 soris
304 1278 335 1334 in
350 1277 518 1349 theolongia
534 1282 564 1335 et
579 1277 678 1334 statim
693 1277 885 1350 magistrandi
900 1278 1002 1348 nostri,
1027 1294 1144 1336 carmen

206 1367 455 1452 εὖχαριστὴριον,
485 1372 562 1444 quod
591 1372 710 1430 sanitati
739 1372 875 1430 restituto
899 1372 1141 1430 reverendissimo

205 1467 345 1540 magistro
361 1471 462 1525 nostro
478 1466 573 1524 Echio
589 1484 626 1524 ex
648 1472 780 1539 tempore
796 1472 826 1524 et
847 1483 905 1525 uno
921 1467 1026 1539 spiritu
1041 1466 1142 1525 effudit

164 1580 191 1622 1o
206 1579 277 1634 prae
300 1562 416 1634 gaudio.
440 1560 519 1634 Lege
545 1560 679 1619 feliciter.

248 1656 391 1725 Plaudite,
416 1655 571 1714 barbariae
593 1672 740 1728 proceres
764 1655 899 1728 gaudete,
924 1657 1088 1728 sophistae!

319 1750 430 1808 Euhius
453 1767 471 1807 a
494 1749 601 1823 Stygiis
624 1749 767 1820 faucibus,
792 1766 870 1819 eoae,
894 1751 981 1820 redit,

248 1843 303 1914 Qui
326 1845 410 1902 simul
433 1861 467 1902 ao
490 1845 590 1917 tepido
612 1845 712 1917 posuit
726 1843 856 1902 membra
872 1861 960 1917 aegra
986 1844 1109 1918 grabato

318 1939 381 1998 Iam
403 1939 649 2012 Phlegethonteas
673 1945 754 1998 trans
778 1939 909 1997 abiturus
934 1955 1033 2012 aquas.

165 2053 192 2095 15
248 2034 416 2106 Barbaries,
441 2034 533 2092 dulcis
556 2034 659 2092 morbo
681 2034 839 2106 perterrita
864 2034 935 2101 nati,

316 2129 385 2201 ipsa
407 2146 474 2186 suas
496 2127 591 2186 fertur
613 2129 789 2186 dilacerasse
813 2145 919 2186 comas.

249 2223 344 2281 Stulta
367 2223 542 2296 Superstitio
565 2228 695 2281 maestae
719 2239 872 2294 compassa
894 2223 988 2280 sorori

316 2316 441 2375 Adflixit
463 2318 576 2375 miseris
599 2317 696 2374 tristia
719 2317 809 2374 eorda
831 2317 934 2374 modis.

248 2413 394 2485 Tempora
415 2429 491 2469 nuno
513 2411 637 2469 redeunt
659 2410 827 2469 mehoribus
849 2411 950 2468 inclita
971 2409 1049 2480 fatis,

162 2526 191 2569 eo
317 2508 401 2564 Nune
424 2507 627 2565 Acheronteos
654 2506 799 2564 credimus
822 2522 886 2563 esse
910 2505 990 2574 deos,

164 2612 267 2670 [Diiija]
290 2603 374 2660 Nune
395 2602 502 2659 itemm
525 2601 647 2660 elumbis
664 2601 819 2673 Chrysippi
845 2605 948 2673 regnat
963 2600 1117 2671 Elenohus,

316 2696 480 2767 Perstrepit
502 2701 532 2753 et
555 2696 664 2754 clarum
686 2695 786 2754 Stoica
809 2695 880 2753 sella
904 2690 1039 2773 ‘sopori

248 2791 368 2862 thius,
392 2795 425 2848 ut
446 2791 549 2862 glauea
573 2807 637 2848 oum
661 2790 780 2848 Pallade
802 2790 875 2848 nolit
897 2790 1013 2862 Apollo,

317 2885 405 2955 Vivit,
429 2889 461 2942 ut
482 2885 616 2942 insanum
638 2885 725 2943 turha
748 2884 858 2942 diserta
880 2889 986 2957 gemat,

161 2999 190 3042 as
248 2979 308 3038 Vos
332 2997 402 3052 ergo
425 2995 441 3037 e
464 2979 569 3038 studiis
592 2996 707 3052 semper
729 2979 850 3038 meliora
874 2979 982 3051 perosi,

315 3072 393 3144 Quos
416 3073 497 3131 iuvat
518 3074 695 3133 immundam
717 3090 838 3146 pascere
860 3073 965 3146 glande
988 3073 1093 3146 gulam,

247 3167 392 3238 Plaudite,
415 3166 571 3226 barbariae
593 3185 739 3240 proceres,
764 3168 899 3240 gaudete,
924 3168 1087 3240 sophistae!

318 3262 383 3320 Hoc
406 3262 471 3319 vivo
494 3267 646 3320 aeternum
668 3263 762 3345 gloria
784 3267 882 3320 vestra
904 3269 1010 3320 manet.

249 3357 360 3428 Quodsi
383 3357 507 3429 ahquem
529 3357 647 3414 morbus
664 3357 707 3426 de
729 3356 812 3414 vobis
836 3357 965 3414 sonticus
988 3359 1077 3430 augit,

162 3471 191 3514 oo
317 3451 454 3524 Chirurgi
475 3451 570 3521 istius,
595 3451 725 3520 consule,
748 3457 852 3523 poseat
874 3468 972 3523 opem:

245 3546 393 3604 Auxilium
417 3545 544 3603 subitum
567 3551 597 3603 et
619 3545 740 3603 miratus
763 3545 921 3616 pharmaca
945 3545 1036 3604 dicet:

316 3640 384 3700 Non
406 3655 460 3712 ego
484 3637 641 3698 Chironem
662 3639 777 3698 mallem
799 3638 937 3698 habuisse
959 3639 1076 3701 bonum.
