2660 4140
450 243 534 288 ucuu
556 242 712 288 nunonem
735 243 857 292 calmo.
1098 234 1137 292 49

210 421 408 493 impudentem
435 437 499 479 esse
523 425 553 478 et
575 421 690 493 quando
714 425 759 479 est
781 421 861 490 utile,
885 420 1010 480 frontem
1033 421 1137 494 pertri-

208 532 275 574 care
298 520 385 588 atque
401 516 489 573 etiam
504 515 621 573 mentiri
637 521 667 573 et
681 516 849 573 mantellum
865 516 1023 574 secundum
1038 533 1139 574 auram

205 615 333 679 vertere,
361 616 394 667 ut
417 615 462 668 est
483 611 514 667 in
535 610 705 682 proverbio,
730 627 796 668 nam
819 611 888 669 licet
910 611 1025 682 saepius
1050 629 1139 684 cogar

206 706 322 764 mentiri
338 710 368 763 et
382 705 534 776 impudens
552 722 624 775 csse,
649 705 804 778 aliquando
821 711 919 764 tamen
934 706 1022 764 etiam
1037 723 1136 764 verum

176 801 286 869 sdico,
314 800 383 858 licet
404 801 513 871 ran'us3
540 805 720 858 nontamen
741 801 861 857 multum
885 801 1041 871 erubesco,
1070 818 1136 858 nam

206 897 318 967 signum
346 899 392 952 est
417 893 503 952 tortis
531 901 561 953 et
584 895 744 953 constantis
772 896 860 952 animi
887 913 946 953 non
968 895 1133 954 rubescere.

206 989 291 1060 Quod
312 1006 382 1047 vero
406 989 598 1047 calumniator
619 1006 716 1058 vocor,
741 989 808 1047 inde
830 991 918 1059 vonit,
943 991 1021 1063 quod
1043 990 1134 1049 homi-

203 1083 288 1141 nibus
311 1084 465 1142 veritatem
492 1084 558 1142 dico
593 1090 623 1142 ct
649 1084 786 1154 ostendo,
821 1084 871 1157 qui
897 1085 956 1142 sint
982 1085 1132 1154 haeretici,

204 1183 382 1251 quapropter
414 1183 444 1236 et
477 1179 533 1251 ipsi
560 1179 631 1236 mihi
659 1179 814 1250 aliquando
841 1180 995 1236 veritatem
1023 1179 1131 1248 dicunt,

159 1291 188 1333 ro
203 1289 288 1345 quam
322 1273 410 1330 etiam
444 1274 546 1331 audire
581 1290 683 1345 cogor,
721 1273 790 1330 licet
826 1291 885 1330 non
917 1273 1050 1332 libenter.
1089 1273 1134 1331 De

202 1367 390 1454 improbitate
424 1372 521 1426 autem
553 1367 636 1424 multi
670 1372 750 1436 sunt,
789 1368 837 1440 qui
874 1373 941 1424 sunt
974 1375 1034 1426 tam
1065 1369 1134 1426 mali

203 1463 278 1519 sicut
305 1478 373 1534 ego,
403 1468 433 1520 et
465 1467 563 1520 tamen
589 1479 648 1520 non
674 1463 717 1519 ita
744 1462 786 1519 eis
810 1463 974 1534 opponitur.
1009 1463 1050 1520 Et
1076 1464 1133 1520 nisi

201 1555 320 1614 fuissem
343 1561 402 1614 tam
424 1557 588 1629 improbus,
616 1557 768 1629 impudens
792 1561 822 1614 et
843 1557 980 1626 mendax,
1009 1557 1065 1615 huc
1088 1575 1133 1614 us-

201 1668 255 1723 que
278 1668 423 1724 nunquam
446 1652 484 1709 ad
511 1657 570 1710 tam
593 1669 727 1724 magnam
752 1650 860 1709 famam
881 1653 1038 1722 venissem,
1068 1669 1132 1709 cum

159 1763 186 1805 15
202 1745 244 1802 sic
271 1761 317 1802 me
341 1744 510 1816 Germania,
534 1747 633 1816 ltalia,
659 1746 753 1804 Gallia
776 1751 806 1804 et
828 1747 891 1819 quis
914 1764 972 1804 uon
995 1752 1132 1819 tanquam

199 1837 342 1897 famosum
383 1842 465 1898 novit
506 1847 536 1898 et
578 1842 673 1898 sciunt
709 1857 822 1911 omnes,
861 1842 938 1914 quod
975 1858 1029 1914 ego
1068 1859 1130 1899 sum

199 1933 244 1990 vir
265 1934 385 1991 multum
409 1934 504 1992 audax
528 1940 557 1992 et
579 1935 716 1992 robustus
739 1937 769 1992 in
785 1934 967 1993 defendendo
983 1934 1071 1993 fidem
1095 1935 1131 1992 ab

199 2027 256 2085 illis
279 2030 425 2100 perversis
448 2029 613 2087 haereticis.
642 2029 683 2087 Et
710 2029 791 2100 ideo,
820 2029 935 2088 dominc
958 2031 1128 2102 imperator,

198 2138 250 2179 vos
272 2139 330 2180 non
355 2123 468 2181 debetis
499 2122 586 2182 facile
615 2125 749 2194 credere,
784 2125 862 2198 quod
888 2141 936 2182 res
967 2126 1007 2182 sit
1034 2125 1128 2194 aliter,

154 2233 183 2276 ao
198 2233 284 2289 quam
317 2223 361 2275 est
384 2218 579 2290 praedictum,
607 2225 637 2277 et
659 2224 776 2291 oportet
800 2225 1018 2292 persecutorem
1040 2221 1129 2278 malo-

197 2327 261 2368 rum
299 2312 447 2370 hominum
485 2314 575 2371 multa
606 2314 682 2371 mala
719 2314 829 2372 audire.
876 2313 934 2372 Sed
968 2315 1128 2372 dominatio

197 2409 295 2464 vestra
316 2405 391 2464 bene
415 2408 529 2477 sentiet,
555 2409 646 2481 qualis
670 2425 724 2480 ego
748 2409 802 2466 sim
824 2409 869 2466 vir
891 2414 921 2466 et
943 2409 1012 2482 quid
1028 2407 1127 2466 facere

197 2500 330 2570 audeam,
355 2502 379 2558 si
402 2519 453 2559 vos
476 2503 546 2559 mihi
569 2503 716 2561 licentiam
739 2503 856 2574 dabitis,
885 2509 917 2561 ut
938 2503 1036 2562 facere
1059 2520 1126 2576 pos·

153 2605 212 2661 [vja]
237 2595 300 2665 sim,
325 2597 402 2669 quod
424 2597 523 2654 velim:
548 2615 620 2669 opus
641 2593 644 2677 l
665 2603 726 2656 tum
748 2599 840 2656 virum
861 2599 1004 2656 ostendet.
1029 2598 1070 2656 Et
1086 2598 1127 2655 sic

152 2707 181 2749 as
197 2706 250 2762 ego
277 2707 336 2747 non
363 2690 429 2748 volo
457 2692 686 2750 dominationem
715 2698 843 2751 vestram
874 2693 982 2751 diutius
1016 2698 1126 2761 tenere,

196 2784 262 2856 quia
285 2784 359 2842 bene
382 2787 453 2855 scio,
478 2787 555 2860 quod
577 2805 636 2845 non
658 2789 766 2846 auditis
789 2788 914 2846 libenter
929 2788 1019 2845 multa
1034 2787 1126 2844 verba

196 2882 226 2935 et
251 2879 367 2937 habetis
395 2881 486 2938 multa
509 2882 566 2939 alia
593 2899 689 2954 agere.
717 2881 758 2939 Et
786 2899 840 2955 ego
867 2899 936 2939 usus
966 2899 1028 2939 sum
1057 2882 1124 2938 stilo

193 2989 252 3031 non
274 2974 395 3032 multum
418 2975 486 3045 alto,
509 2976 562 3033 sed
583 2975 729 3049 familiari,
758 2981 790 3034 ut
816 2994 866 3035 vos
890 2977 991 3034 melius
1015 2976 1125 3034 intelle-

194 3068 283 3139 gatis,
324 3070 391 3142 quia
429 3071 517 3127 etiam
551 3071 623 3128 alias
656 3087 716 3129 non
746 3072 866 3129 multum
900 3089 970 3129 curo
1007 3071 1123 3143 regulas

151 3177 179 3220 ao
193 3164 436 3234 grammaticales
465 3165 533 3237 quia
561 3166 751 3237 grammatica
778 3165 866 3224 debet
892 3165 1024 3224 subiecta
1059 3181 1123 3224 esse

192 3255 357 3328 theologiae
374 3263 403 3315 et
418 3276 478 3316 non
492 3260 565 3318 haec
585 3261 626 3317 illi
643 3261 752 3318 servire
768 3266 798 3318 et
812 3261 890 3318 inter
903 3261 997 3319 bonos
1013 3261 1123 3318 amicos

193 3353 223 3406 et
245 3351 353 3420 socios
383 3354 626 3424 quemadmodum
652 3371 704 3413 vos
728 3356 798 3412 ostis
822 3361 851 3413 at
877 3371 940 3427 ego,
969 3372 1028 3412 non
1051 3371 1123 3426 opus

192 3447 238 3500 est
259 3445 356 3502 multis
379 3447 478 3523 politis
506 3448 610 3518 verbis,
636 3449 688 3506 sed
715 3449 847 3508 adlectus
876 3454 975 3506 catera
998 3450 1120 3522 supplet.

190 3536 231 3594 Et
254 3538 296 3596 sio
318 3556 372 3613 ego
396 3541 461 3599 volo
484 3559 530 3600 me
557 3543 760 3610 commendare
789 3543 980 3601 dominationi
1007 3548 1122 3601 vestrae

148 3649 175 3692 as
191 3637 221 3690 ct
242 3649 325 3706 rogo,
350 3636 427 3708 quod
450 3636 545 3694 velitis
569 3637 697 3696 adnuere
724 3637 860 3710 precibus
886 3639 959 3696 meis
988 3644 1018 3697 et
1039 3654 1122 3710 prae·

200 3737 240 3770 me.
251 3738 430 3773 itaernuraenam.
441 3740 457 3773 2.
949 3736 967 3788 4
