2660 4140
542 197 652 242 ECKIVS
674 197 865 243 DEDOLATVS.

303 374 466 431 Auditor.
496 373 544 438 Et,
569 375 598 430 ni
614 373 708 442 fallor,
733 374 785 431 sub
801 373 1021 432 benevolentiae
1036 377 1192 446 praetextu

259 469 307 526 ille
330 467 383 525 tibi
406 469 566 540 respondit.

216 590 298 647 [carp]
331 580 473 637 Eooius.
509 579 567 638 Sed
595 587 624 637 et
648 579 825 653 Capnionem
851 576 853 645 Ι
878 581 908 636 in
934 579 1031 638 multis
1054 578 1188 637 refellere

259 691 385 746 possum,
403 676 483 746 prius
496 680 592 732 tamon
604 675 773 733 Luthorana
784 675 855 734 mihi
872 675 931 732 tela
943 674 1120 732 absolvenda
1133 680 1187 742 est,
1275 697 1287 714 ³

228 769 325 829 sindo
347 769 464 826 Zasium
480 775 510 826 et
526 771 665 842 optimum
681 786 821 842 quemque
835 769 982 827 mordicus
999 769 1143 840 adripiam
1159 774 1189 826 et

258 863 340 934 quasi
363 863 460 920 Titani
488 880 551 920 curn
579 864 634 921 diis
661 864 855 935 belligerabo:
886 881 949 921 cum
977 865 1052 921 eninr
1075 865 1187 921 cunctis

257 959 391 1016 doctrina
413 963 443 1016 et
464 958 621 1030 prudentia
644 958 823 1027 antecellam,
847 959 992 1016 neminem
1014 957 1140 1016 formido
1157 963 1187 1014 et

256 1053 382 1110 omnium
404 1053 521 1110 minime
544 1054 699 1111 canonicos
722 1052 866 1110 indoctos.

297 1164 458 1221 Auditor.
487 1163 626 1221 Fortiter.
656 1163 714 1221 Sed
741 1163 779 1221 ad
805 1163 862 1221 hoo
889 1179 997 1236 quaeso
1025 1163 1184 1234 responde:

212 1277 239 1318 1o
254 1276 322 1315 num
344 1275 414 1316 vera
437 1275 501 1315 esse
525 1257 677 1315 arbitraris
701 1275 774 1330 quae
795 1256 937 1329 defendis,
962 1263 991 1314 et
1011 1259 1053 1314 ita
1073 1258 1186 1329 reipsa

254 1353 352 1421 sentia,
377 1353 619 1425 quemadmodum
642 1353 746 1410 scribis
770 1357 800 1410 et
821 1349 970 1424 loqueris?

295 1464 437 1521 Eokius.
462 1463 545 1522 Bona
560 1463 650 1521 verba
665 1481 788 1540 quaeso;
806 1465 868 1537 quis
885 1465 960 1522 enirn
975 1464 1018 1521 ita
1034 1463 1181 1532 deliraret,

251 1564 284 1614 ut
305 1575 364 1616 non
385 1559 416 1616 iu
438 1559 493 1615 hae
510 1575 597 1615 eausa
613 1559 686 1616 olam
703 1576 766 1616 oum
782 1559 911 1617 Martino
928 1560 1058 1628 sentiret,
1087 1575 1183 1631 quarn-

251 1654 293 1709 vis
316 1652 412 1724 palam
435 1652 521 1710 aliter
544 1650 714 1710 simularet?

208 1781 235 1822 15
294 1763 455 1820 Auditor.
480 1763 558 1820 Mira
581 1769 610 1820 et
632 1765 791 1836 pugnantia
813 1764 949 1836 loqueris.

292 1875 435 1932 Eokius.
464 1875 554 1945 Quasi
580 1893 639 1932 non
665 1877 753 1934 liceat
776 1876 856 1934 aliud
878 1877 985 1946 dicere,
1011 1877 1090 1934 aliud
1111 1893 1179 1934 vero

251 1969 395 2040 simulare,
419 1971 543 2027 maxime
566 1970 616 2028 ubi
640 1971 676 2028 de
699 1976 821 2044 quaestu
844 1973 948 2044 agitur.

292 2081 454 2138 Auditor.
479 2081 559 2154 Ergo
579 2083 672 2154 magis
688 2088 825 2155 quaestus
841 2100 926 2156 quam
942 2083 989 2140 dei
1005 2083 1099 2164 honor
1115 2100 1181 2140 oon-

249 2174 422 2232 siderandus
446 2173 511 2232 est?

204 2303 233 2346 eo
290 2285 434 2342 Eokius.
460 2285 536 2356 Quid
552 2287 599 2344 dei
614 2285 728 2345 honor?
753 2286 870 2345 Caelum
887 2289 959 2346 caeli
975 2289 1101 2358 domino,
1122 2294 1180 2346 ter·

247 2396 309 2436 ram
333 2383 429 2436 autem
452 2380 534 2437 dedit
560 2380 627 2438 filiis
650 2382 811 2454 hominum3
842 2383 987 2441 simulatio
1015 2388 1127 2440 tanturn
1151 2389 1180 2441 ot

246 2474 345 2545 populi
362 2474 486 2532 stultitia
501 2475 586 2532 nobis
615 2476 711 2538 salvae
727 2483 925 2548 permaneant,
943 2483 972 2534 et
987 2477 1027 2534 nil
1041 2477 1126 2535 nobis
1143 2478 1180 2535 de

246 2568 381 2636 internis,
412 2569 567 2627 dummodo
592 2577 713 2629 externa
739 2578 769 2628 et
796 2573 1013 2630 caerimonialia
1035 2573 1091 2630 rite
1113 2589 1179 2645 pro·

247 2661 360 2719 cedant.

201 2790 230 2832 25
288 2772 451 2830 Auditor.
470 2773 551 2832 Haec
563 2792 639 2833 nova
655 2781 684 2833 et
699 2783 786 2834 antea
798 2778 929 2836 inaudita
952 2780 1101 2853 theologia
1123 2785 1176 2838 est.

287 2883 433 2942 Eelrius.
464 2886 540 2956 Quin
561 2888 658 2959 prisca
681 2894 710 2945 et
733 2889 790 2946 iam
812 2891 926 2961 pridem
949 2893 1120 2962 inveterata,
1144 2895 1176 2948 tu

245 2994 314 3035 vero
339 2981 506 3037 secretioris
522 2982 701 3054 theologiae,
714 2972 759 3040 ‘ut
781 2985 879 3055 video,
904 2982 1021 3065 μύστης
1043 2985 1121 3044 haud
1144 3003 1175 3044 es

243 3072 367 3130 necdum
382 3075 496 3131 arcanis
512 3076 653 3145 initiatus,
673 3079 721 3149 qui
736 3079 837 3136 tritum
852 3079 908 3136 hoe
924 3074 1081 3156 σύμβολον
1096 3083 1176 3153 igno-

243 3182 310 3223 rare
334 3167 455 3224 videris:
479 3162 564 3226 ἄλλα
586 3164 721 3241 λαλεῖτε,
744 3165 829 3230 ἄλλα
852 3166 887 3230 δὲ
910 3181 1039 3232 ποιεῖτε.

199 3293 228 3336 so
286 3277 448 3335 Auditor.
474 3279 549 3338 Vere
577 3281 680 3353 ignoro
707 3300 761 3340 neo
785 3285 809 3341 si
833 3286 946 3353 scirem,
970 3287 1014 3344 uti
1036 3287 1128 3344 velim.

284 3379 427 3437 Eokius.
464 3381 522 3440 Sed
549 3386 579 3441 in
606 3402 640 3442 eo
669 3403 781 3459 quoque
804 3387 949 3446 Martinus
972 3391 1094 3447 iniurius
1118 3395 1172 3460 est,

242 3474 318 3544 quod
341 3475 493 3547 imperitae
517 3483 547 3535 et
568 3479 709 3550 profanae
732 3482 910 3540 multitudini
929 3484 1174 3556 indulgentiarum

244 3583 352 3626 aroana
376 3575 405 3627 et
426 3575 566 3644 mysteria
588 3591 656 3632 vere
673 3575 794 3633 celanda
809 3577 935 3648 prodere
951 3583 980 3635 et
995 3579 1172 3651 imposturas
