2660 4140
167 225 214 282 40*
494 241 602 288 neurus
623 241 815 288 onoounrvs

255 413 461 489 Chirurgus.
485 417 535 475 Nil
563 418 664 488 audio,
693 418 808 476 mallem
836 423 934 476 tamen
961 419 1071 489 tristia,
1105 437 1142 478 ne

209 509 313 582 pietati
336 515 462 569 mentem
485 511 650 570 adhiberes

254 612 399 672 Eokius.
423 614 487 672 Neo
509 615 563 673 tibi
586 616 654 674 diva
675 633 791 688 parens,
815 617 931 689 generis
953 633 1008 675 nec
1029 616 1143 676 Darda

783 710 875 769 danus
901 717 996 781 autor,

319 801 445 873 Perfida,
469 804 522 862 sed
545 805 624 862 duris
647 807 749 878 genuit
770 810 800 863 tc
823 805 956 864 cautibus
978 806 1100 864 horrens

180 914 194 956 s
322 896 469 956 Caucasus
493 899 704 972 Hyrcanaeque
727 900 884 958 admorunt
905 900 997 958 ubera
1019 901 1118 973 tigres.

209 990 265 1048 Vix
288 991 418 1063 tandem,
444 993 661 1064 scelestissime,
686 995 794 1064 sentio,
823 1012 875 1054 cur
900 1012 947 1053 me
974 999 1034 1052 tam
1061 1000 1143 1052 arcte

166 1086 361 1159 [nrrjc11igare
388 1081 536 1168 vollueris3
570 1088 623 1146 sed
649 1088 707 1146 iam
734 1089 860 1148 animam
887 1106 943 1163 ago
972 1093 1003 1148 et
1030 1089 1143 1147 cruoris

207 1179 351 1253 profluvio
374 1183 492 1240 morior.

251 1275 457 1349 Chirurgus.
491 1278 605 1335 Aenum
638 1277 710 1336 illud
744 1295 808 1336 cum
841 1278 906 1350 pice
934 1275 1059 1336 ferventi
1093 1277 1143 1336 ad-

164 1369 292 1440 solerte,
315 1377 348 1428 ut
370 1372 540 1443 sanguinem
563 1371 709 1430 sistamus.

249 1465 393 1523 Eckius.
418 1465 485 1536 Hui,
510 1466 632 1524 aduror!

251 1559 461 1632 Chirurgus.
486 1560 530 1618 Ne
558 1561 677 1630 timeas,
705 1562 806 1633 priora
833 1567 863 1618 et
889 1561 1056 1632 posteriora
1080 1561 1139 1619 iam

208 1655 363 1727 diligenter
385 1655 449 1726 pice
472 1654 610 1712 obturata
636 1659 711 1716 sunt.
741 1655 850 1713 Solvite
877 1655 936 1713 iam
961 1655 1138 1728 theologum.

207 1749 264 1819 En,
289 1765 375 1821 quam
398 1746 537 1821 glabellus
560 1749 658 1821 pusio!

165 1861 194 1904 15
251 1843 394 1901 Eckius
424 1842 464 1900 Et
494 1843 553 1900 iarn
579 1844 651 1901 mihi
676 1843 733 1916 ipsi
760 1844 863 1901 melius
890 1843 999 1902 hahere
1027 1844 1137 1902 videor.

208 1938 267 1996 Sed
288 1954 342 2010 per
365 1938 487 2004 salutern
509 1943 637 1996 vestram
659 1938 716 1996 hoc
738 1955 826 1995 unum
849 1954 910 2008 oro,
935 1955 971 1996 ne
987 1956 1048 1996 rem
1064 1939 1139 1997 hanc

209 2033 377 2106 divulgetis;
390 2034 458 2091 novi
470 2033 555 2103 enim,
571 2034 596 2090 si
607 2050 654 2091 res
667 2033 881 2090 scelestissimis
893 2032 949 2090 illis
962 2032 1139 2091 Wittenber-

208 2128 345 2201 gensibus
368 2128 464 2200 poetis
488 2145 540 2186 seu
562 2127 718 2185 maledieto
741 2127 872 2184 Hutteno
895 2143 1052 2200 parumper
1074 2126 1139 2184 sub-

208 2223 328 2292 oluerit,
365 2221 518 2280 confestim
552 2222 733 2280 comoediam
767 2221 892 2294 aliquam
926 2221 1054 2280 scribent
1087 2239 1138 2280 seu

162 2337 192 2378 ao
207 2318 304 2391 potins
327 2316 455 2374 fabulam
478 2317 571 2388 ipsam
592 2317 689 2388 palam
712 2320 807 2388 agent.

251 2411 460 2484 Chirurgus.
490 2412 535 2469 Ne
562 2412 679 2481 timeas
713 2410 817 2469 saltem
848 2411 878 2470 in
911 2411 967 2469 hoc
994 2411 1048 2469 tibi
1074 2428 1137 2468 mos

207 2512 339 2580 geratur3
367 2523 452 2564 nemo
480 2507 556 2564 enim
578 2523 640 2564 rem
663 2506 750 2576 sciet,
779 2507 836 2563 nisi
863 2507 911 2579 qui
939 2507 1036 2564 omnia
1058 2507 1138 2578 igno-

207 2602 325 2659 raverit.
365 2600 423 2658 Sed
457 2601 515 2658 iam
548 2606 662 2673 tempus
696 2601 823 2659 abeundi
861 2602 959 2658 instat.
1000 2601 1138 2674 Nunquid

207 2695 287 2754 aliud
309 2692 372 2752 vis?

163 2809 192 2852 25
250 2790 393 2848 Eckius.
422 2788 471 2846 Nil
493 2789 550 2846 nisi
577 2789 655 2861 quod
676 2788 866 2862 Lipsensibns
893 2789 965 2847 meis
992 2806 1050 2848 una
1073 2807 1137 2846 curn

207 2884 310 2942 Rubeo
333 2889 435 2942 nostro
457 2885 568 2956 gratias
591 2900 661 2956 agas
684 2901 786 2956 meque
808 2884 840 2941 in
861 2884 1016 2941 multorum
1043 2885 1138 2956 pemi-

207 2979 281 3037 ciem
308 2979 404 3036 vivere
432 2995 467 3037 ac
489 2995 591 3036 sanum
617 2978 784 3051 salvumque
812 2995 877 3036 esse
904 2978 1058 3036 adnunties
1084 2995 1138 3038 noc

207 3073 331 3132 testibus
368 3089 469 3131 carere
505 3073 592 3146 idque
625 3073 737 3146 magnis
771 3072 896 3132 testibus
932 3089 977 3131 me
1009 3072 1137 3145 probare

206 3186 307 3242 posse,
333 3168 435 3226 dentes
457 3183 527 3226 vero
551 3184 718 3240 superesse,
746 3184 805 3225 non
833 3173 893 3226 tam
919 3172 952 3224 ut
976 3167 1136 3236 mordeam,

163 3282 192 3325 eo
207 3281 293 3337 quam
315 3269 348 3320 ut
370 3263 473 3321 canino
496 3262 572 3320 rictu
595 3262 705 3334 optimo
729 3263 832 3334 cuique
855 3261 1005 3320 adlatrom.

251 3358 456 3430 Chirurgus.
481 3357 562 3429 Fiet3
587 3356 639 3414 sed
660 3357 790 3429 nunquid
813 3356 892 3415 aliud
914 3353 977 3414 vis?

248 3453 393 3512 Eckius.
418 3453 487 3511 Illos
510 3469 563 3525 pro
586 3451 735 3510 laboribus
752 3451 806 3509 tibi
822 3451 992 3509 satisfacere
1008 3451 1135 3524 iubebis;

206 3549 277 3606 mihi
310 3548 385 3604 enirn
412 3547 470 3604 iarn
498 3546 620 3604 Romam
653 3547 823 3618 properanti
853 3545 1006 3618 pecuniam
1038 3547 1136 3616 potius

206 3641 363 3701 corradere
386 3657 472 3714 quam
495 3640 659 3713 expendere
681 3655 802 3698 necesse
825 3643 878 3697 est.
903 3637 975 3696 Cum
1001 3655 1070 3697 vero
1093 3656 1137 3698 re·
