2660 4140
199 224 238 280 32
524 237 634 282 ncnrvs
656 237 846 284 nunonsrvs.

197 423 289 479 [coqu]
312 413 474 470 Auditor.
499 413 571 471 Sero
593 409 595 490 l
616 415 767 486 poenitent
782 415 922 487 Phryges.
947 415 1054 474 Verum
1071 421 1100 473 et
1115 417 1172 474 hoo

240 507 366 566 referas:
395 525 480 580 quam
503 508 540 566 ob
569 525 686 566 causam
713 509 756 566 ita
783 525 882 568 omnes
909 510 1040 568 homines
1069 515 1172 568 contra

240 602 400 659 Martinum
422 599 565 674 instigas?

281 696 422 754 Eckius.
461 696 545 754 Licet
577 702 607 754 et
640 697 724 755 decet
757 699 914 771 praecipue
947 703 1049 756 contra
1081 699 1170 757 talem

211 792 428 861 cohaereticum,
453 793 500 864 qui
523 808 582 848 non
605 791 697 848 solum
719 791 873 864 theologis,
899 793 951 849 sed
974 797 1004 849 et
1018 793 1168 851 monachis

239 886 311 958 ipsis
339 891 399 944 tam
430 885 644 944 intolerandum
676 886 880 944 detrimentum
912 886 1020 944 inferre
1048 892 1171 946 conatur

238 998 273 1038 ac
294 980 408 1053 publice
424 997 475 1037 eos
498 980 701 1037 adsentatores
718 985 746 1037 et
762 983 865 1038 summi
887 980 1033 1054 pontificis
1059 983 1169 1054 parasi-

236 1080 282 1132 tos
306 1080 392 1147 atque
425 1075 573 1132 hominum
595 1075 798 1133 mendicabula
826 1076 953 1147 appellet
975 1071 1167 1151 {clamitetque

238 1187 297 1228 non
324 1185 388 1226 esse
416 1169 629 1240 eleemosynam
652 1186 725 1241 quae
748 1170 825 1227 inter
847 1187 952 1242 porcos
979 1175 1039 1228 tam
1062 1170 1168 1228 obesos

196 1264 444 1336 1odistribuatur3
469 1267 498 1320 et
521 1268 553 1320 tu
574 1264 633 1320 iam
656 1269 743 1321 antea
766 1257 904 1321 audivisti
926 1281 979 1322 nos
1002 1264 1084 1334 lucri,
1110 1281 1169 1322 non

237 1359 370 1416 veritatis
398 1358 494 1430 gratia
519 1375 664 1430 pugnare:
691 1359 781 1430 igitur
809 1363 838 1415 et
865 1358 1042 1416 Emseranus
1076 1361 1168 1430 capri·

239 1471 343 1511 cornus
371 1458 401 1510 ιι
427 1453 641 1510 haereticorum
669 1452 856 1524 inquisitores
887 1469 940 1510 nec
970 1469 1029 1510 non
1056 1453 1168 1511 theolo-

237 1550 320 1621 gicae
346 1563 452 1618 vespae
480 1551 601 1603 cunctae
633 1547 663 1603 in
688 1547 766 1604 illum
795 1551 862 1604 sunt
888 1547 1062 1604 incitandae.
1092 1547 1168 1617 Quin

237 1659 323 1714 spero
346 1640 453 1698 fratres
476 1641 606 1698 Minores
629 1657 675 1698 me
699 1658 762 1698 cum
785 1641 834 1698 illo
863 1643 1043 1699 committere
1069 1657 1164 1714 posse,

195 1756 222 1798 15
238 1753 309 1809 quos
331 1753 391 1792 non
415 1735 507 1792 solum
529 1735 664 1792 indoctos
687 1734 823 1806 appellat,
848 1735 900 1792 sed
924 1739 952 1792 et
968 1740 1102 1808 tanquam
1124 1736 1164 1792 nil

238 1831 350 1888 discere
373 1829 463 1887 velint
486 1829 594 1902 arguit3
620 1833 649 1885 ιι
671 1830 729 1886 iam
751 1829 865 1901 pridem
887 1829 985 1886 scabie
1000 1830 1050 1887 illa
1066 1845 1161 1887 eorum

236 1926 370 1997 pruriunt
393 1923 543 1996 scapulae,
571 1923 614 1980 ita
636 1927 668 1980 ut
691 1940 757 1996 spes
781 1923 819 1980 sit
841 1922 972 1980 Minores
996 1941 1059 1980 cum
1080 1923 1166 1980 Prae-

237 2019 416 2077 dicatoribus
440 2018 476 2076 ob
501 2018 594 2075 solum
616 2017 776 2075 Martinum
804 2033 840 2074 ex
862 2017 1017 2074 immortali
1045 2017 1113 2074 odio
1136 2017 1167 2074 in

235 2114 359 2186 gratiam
380 2128 467 2185 posse
489 2112 595 2180 redire,
620 2129 675 2184 quo
699 2112 842 2169 communi
857 2111 954 2169 Marte
969 2128 1030 2168 rem
1045 2111 1166 2183 aggredi

191 2227 220 2268 ιο
236 2214 265 2265 ιι
287 2206 443 2264 factionem
466 2206 540 2264 hanc
564 2205 717 2263 scelestam
740 2211 769 2263 ιι
791 2205 1042 2278 theologiperdam
1069 2206 1165 2278 oppri-

234 2317 313 2360 mere
336 2300 492 2358 valeamus.

277 2394 440 2454 Auditor.
469 2394 510 2450 At
532 2393 637 2463 videte,
661 2394 766 2466 ignem,
791 2399 908 2466 quomet
930 2394 986 2466 ipsi
1009 2393 1164 2466 aliquando

236 2489 435 2561 conflagretis‚
465 2488 641 2546 accendatis,
677 2486 812 2546 Salvator
832 2493 934 2546 noster
956 2487 1088 2544 Christus
1111 2505 1165 2560 per

233 2585 365 2641 homines
380 2583 488 2640 idiotas
504 2583 641 2640 mundum
657 2582 693 2640 ab
711 2582 858 2640 erroribus
870 2583 1026 2652 revocavit,
1044 2599 1096 2640 vos
1111 2599 1163 2654 per

189 2698 218 2740 ιι
233 2679 373 2746 homines,
397 2682 430 2733 ut
446 2676 591 2746 adseritis,
614 2677 715 2734 doctos
731 2677 868 2734 mundum
883 2676 921 2734 ad
937 2693 1051 2734 errores
1068 2677 1164 2734 detru-

234 2774 312 2841 ditis,
336 2771 423 2844 idque
446 2787 504 2828 non
519 2770 615 2828 verbis
640 2775 669 2827 et
690 2769 786 2840 ιιιιίιι,
811 2775 843 2827 ut
865 2771 1011 2843 quondam
1027 2770 1161 2842 apostoli,

233 2866 401 2934 laudandis,
431 2865 484 2922 sed
510 2864 595 2936 plane
624 2865 673 2922 det
661 2869 719 2922 ttes
707 2865 804 2923 tandis
833 2871 862 2923 et
889 2864 1104 2937 abominandis3
1133 2869 1163 2922 et

234 2961 312 3034 quod
333 2961 375 3018 illi
397 2960 543 3017 humilitat
532 2965 569 3030 ιι,
593 2965 726 3018 mansuet
714 2960 867 3018 tudinet
838 2964 867 3017 ιι
889 2977 958 3017 sanc
960 2961 1044 3016 ιιιιιι
1015 2957 1164 3016 taedifi·

232 3060 342 3122 carunt,
353 3072 405 3112 vos
415 3054 579 3151 tyrannide,
590 3054 761 3126 improbitat
762 3061 820 3112 eet
831 3056 978 3112 temeritat
935 3053 1075 3111 aedes
1063 3059 1161 3112 truere

188 3161 217 3203 ao
232 3141 346 3199 audetis
369 3157 428 3198 non
449 3140 585 3211 ignorant
587 3156 617 3197 ιι
640 3157 692 3197 vos
719 3141 832 3198 scelest
812 3141 923 3198 trssime
938 3156 1025 3212 agere
1042 3143 1071 3196 et
1085 3156 1163 3197 men·

232 3237 324 3294 daciis
347 3233 406 3293 iict'
399 3251 463 3292 ιιι
449 3235 605 3292 etinsulse
626 3235 806 3292 concinnatis
822 3235 975 3292 veritatem
991 3235 1162 3306 impugnare

229 3330 316 3403 idque
333 3346 367 3388 ιο
383 3333 523 3400 t‚empore
549 3345 604 3401 quo
621 3328 738 3386 calamit
726 3330 783 3386 tosi
798 3329 854 3386 huc
874 3346 963 3400 usque
979 3329 1046 3386 laici
1062 3328 1162 3386 oculos

232 3425 346 3496 aperire
374 3428 404 3481 et
431 3439 449 3480 a
476 3439 629 3480 caecomm
656 3423 764 3480 ducatu
792 3440 823 3480 se
850 3423 998 3480 vindicare
1020 3422 1164 3493 incipiunt

230 3520 371 3591 planeque
394 3518 483 3575 vitam
506 3521 632 3574 vestram
655 3533 720 3574 cum
741 3518 808 3575 dict'
788 3523 825 3574 ιιι
850 3521 879 3575 ιι
894 3517 1000 3574 veritat
970 3531 1162 3588 aepugnare

188 3631 216 3673 35
232 3618 361 3671 cernunt.
