2660 4140
495 258 605 304 acutus
627 257 817 304 uacaturus.
1105 252 1141 309 19

231 437 348 508 Erinys,
372 436 513 508 Megaera
535 440 565 492 et
580 435 684 492 Alecto
709 452 772 492 cum
794 434 878 492 furiis
902 442 932 494 et
951 439 1086 497 universo
1103 441 1144 496 in-

230 531 335 589 iemali
357 530 531 589 conveniunt
553 535 638 586 coetu
661 545 695 587 ac
719 536 865 589 vectorem
884 537 1016 589 nostrum
1032 535 1144 605 pariter

231 626 388 683 stimulant.
415 624 526 694 Quodsi
545 624 660 681 illorum
674 625 732 681 vim
748 629 859 682 tantam
870 626 1038 696 perdiscere
1051 629 1140 700 cupis,

230 721 292 778 vice
315 736 400 777 versa
415 719 452 776 ab
467 719 575 775 ultimis
590 719 688 790 legere
710 719 833 790 incipias
850 719 999 778 elementis
1023 727 1053 780 et
1075 723 1144 794 quid

196 834 209 875 a
233 813 289 871 sibi
311 814 384 871 haec
406 813 504 882 velint,
530 811 683 870 confestim
706 813 865 885 intelleges.

276 915 428 972 Rubeus.
453 913 610 971 Handdum
632 914 772 986 percipio,
798 915 867 987 quid
890 915 980 973 dicas.

275 1017 434 1077 Canidia.
469 1016 519 1073 Nil
546 1017 663 1086 mirum,
694 1034 758 1074 cum
787 1018 887 1089 quovis
911 1035 983 1076 saxo
1007 1019 1142 1078 stolidior

233 1114 367 1172 exsistas.

273 1215 423 1273 Rubeus.
460 1214 518 1272 Sed
540 1215 629 1286 virgis
658 1214 767 1272 caedor
788 1215 889 1283 miser,
920 1220 950 1272 et
976 1215 1034 1273 iam
1057 1233 1142 1274 crura

182 1331 209 1372 ro
232 1311 371 1382 sanguine
395 1309 513 1366 stillant.

273 1411 431 1470 Canidia.
456 1411 647 1469 Elleborosus
671 1427 711 1480 os,
736 1410 873 1467 arborum
894 1416 960 1468 sunt
976 1413 1140 1485 cacumina3

229 1506 306 1579 quod
333 1507 358 1562 si
387 1506 487 1578 caligis
515 1505 633 1562 obtecta
660 1503 714 1560 tibi
742 1509 840 1562 essent
867 1521 966 1575 crura,
996 1506 1074 1563 haud
1099 1507 1142 1564 ita

231 1601 354 1658 doleres.

271 1701 423 1760 Rubeus.
448 1701 613 1758 Induissem
635 1700 709 1769 illae,
733 1701 789 1758 nisi
812 1705 844 1758 tu
866 1701 909 1758 ita
932 1702 1136 1760 accelerasses.

180 1825 206 1866 15
272 1804 475 1876 Chirurgus.
509 1797 586 1876 Ἐγώ
621 1795 656 1860 δὲ
684 1797 892 1878 κακοδαίμων
926 1803 963 1861 ob
991 1810 1139 1863 extremae

227 1900 351 1956 latrinae
374 1897 498 1956 fetorem
514 1902 627 1954 tantum
641 1913 700 1954 non
715 1891 921 1972 ternodupe'm
938 1903 968 1954 et
983 1899 1140 1956 admodum

228 2010 340 2063 vereor,
364 2009 400 2049 no
424 1991 547 2048 caudam
561 1990 694 2048 manibus
712 1991 859 2048 dimittere
876 2007 977 2063 cogar:
1002 1993 1045 2050 ita
1060 2009 1140 2050 exse-

228 2087 338 2145 cranda
361 2092 391 2144 et
413 2091 495 2143 tanto
510 2101 613 2156 pressa
628 2084 758 2156 pondere
775 2085 853 2142 olida
868 2085 941 2143 haec
956 2085 1053 2143 bestia
1068 2088 1139 2144 assi-

229 2183 285 2239 due
307 2181 416 2253 pedere
439 2197 497 2238 non
521 2184 625 2237 cessat.

176 2303 205 2345 ao
271 2283 422 2340 Rubeus.
447 2282 580 2352 Fallacia,
604 2276 664 2355 ἐγὼ
685 2274 745 2359 γὰρ
768 2275 932 2356 ἐγκέχοδα.

270 2385 473 2457 Chirurgus.
499 2384 575 2453 Quid
598 2384 649 2453 ais,
675 2383 807 2451 sceleste,
831 2389 900 2440 tune
924 2383 1053 2442 cacasti?

258 2477 419 2546 ¹Rubeus.
452 2486 494 2544 Et
525 2487 680 2544 concacavi
708 2503 821 2558 quoque
851 2503 910 2544 non
942 2504 1025 2544 secus
1053 2492 1139 2560 atque

225 2584 420 2642 Hochstratns
443 2581 639 2652 indulgentias
664 2581 863 2652 permerdans.

269 2685 469 2757 Chirurgus,
495 2683 539 2742 Ob
562 2685 705 2753 timorem,
729 2681 890 2741 scelerate?

174 2806 203 2849 25
268 2786 418 2844 Rubeus.
448 2786 582 2854 Minime,
614 2785 667 2842 sed
694 2785 761 2857 quia
788 2786 852 2842 hori
877 2791 997 2856 practer
1023 2787 1140 2844 solitum

224 2882 340 2940 noviter
377 2881 529 2938 decoctam
560 2880 719 2936 cervesiam
753 2880 847 2936 ariter
879 2880 1139 2954 ingurgitaveram3

224 2993 324 3034 verum
346 2975 425 3032 haud
448 2992 483 3032 ea
505 2991 537 3032 re
563 2973 721 3043 moveariS,
748 2990 807 3030 uon
835 2975 911 3031 enim
937 2973 1034 3033 faeces
1063 2982 1138 3044 sunt,

225 3070 277 3128 sed
298 3071 344 3127 ius
367 3075 420 3127 est.

268 3171 427 3229 Canidia.
453 3169 519 3228 Sive
546 3170 591 3226 ius
615 3169 685 3226 edas
709 3169 769 3226 sive
794 3168 891 3238 bibas,
921 3176 970 3228 tuo
999 3171 1052 3229 tibi
1075 3173 1138 3230 iuro

173 3285 202 3328 ao
224 3266 338 3338 licebit3
368 3282 406 3322 an
428 3271 526 3323 tamen
549 3264 605 3320 iuri
631 3262 730 3322 faeces
752 3264 915 3336 permixtae
938 3265 996 3322 sint
1024 3267 1137 3338 ignoro,

163 3411 367 3420 ——-—-

229 3485 251 3518 ¹⁵
268 3484 329 3551 Ego
347 3487 440 3537 autem
457 3481 547 3536 miser.

230 3570 250 3603 ¹⁶
268 3568 369 3623 Animo
388 3567 490 3622 deficio.

227 3655 251 3688 ‘²⁰
268 3655 329 3723 Ego
347 3653 419 3708 enim
438 3653 538 3706 ccccvi.
