2660 4140
461 241 544 286 sexu
567 239 722 284 nunonem
746 239 869 284 casuro.
1111 229 1150 285 45

180 531 243 586 [iija]
269 520 395 578 Oratio
422 518 654 577 famosissimi
683 518 752 575 viri
780 517 886 575 Eckii
919 517 1084 575 dedolati
1112 518 1154 575 ad

223 624 453 681 maiestatem
481 638 688 680 caesaream
721 621 845 679 habita
876 621 919 678 in'
944 622 1155 693 praesentia

253 727 440 785 multorum
469 725 751 782 clarissimorum
779 730 814 782 et
841 724 1131 784 doctissimorum

609 829 773 886 virorum.

194 1003 208 1045 5
266 982 536 1051 caenomanis,
561 982 677 1040 domine
700 981 873 1054 imperator!
897 982 953 1039 Vbi
976 982 1072 1041 fuistis
1094 987 1156 1040 ton-

226 1075 306 1136 tum?
333 1078 395 1134 Nos
412 1076 462 1134 diu
478 1078 719 1149 exspectavimus,
737 1076 815 1149 quod
831 1075 978 1135 deberetis
993 1078 1102 1147 venire,
1127 1083 1157 1136 et

225 1173 267 1230 sic
289 1172 408 1230 tandem
431 1171 560 1230 venistis.
585 1171 668 1230 Vnde
692 1188 791 1228 omnes
814 1187 912 1228 sumus
928 1172 1023 1230 laetae
1039 1174 1154 1241 mentis,

225 1267 276 1345 qui
299 1267 531 1339 exspectavimus
559 1266 788 1337 redemptionem
810 1265 915 1335 Israel,
945 1272 974 1323 et
999 1269 1155 1340 praecipue

225 1378 288 1434 ogo,
306 1362 355 1434 qui
370 1362 461 1420 totius
476 1360 547 1419 fidei
561 1364 763 1433 propugnator
779 1365 881 1418 contra
896 1360 969 1418 istos
985 1361 1156 1419 maledictos

183 1455 399 1526 1ohuereticos,
424 1472 496 1528 quos
512 1471 566 1527 ego
582 1471 697 1526 semper
712 1454 885 1526 oppugnavi,
907 1455 1030 1512 contrivi
1046 1461 1076 1513 et
1090 1458 1155 1526 vici,

226 1549 301 1607 sicut
324 1567 423 1609 omues
439 1550 513 1607 bene
529 1550 633 1606 sciunt.
657 1549 698 1606 Et
721 1549 746 1605 si
761 1549 832 1606 mihi
847 1566 906 1606 non
921 1549 1007 1606 vultis
1025 1551 1154 1622 credere,

225 1649 294 1703 tunc
317 1645 496 1717 interrogate
520 1644 668 1702 dominum
689 1661 804 1716 papam,
828 1644 876 1716 qui
899 1643 973 1702 bene
994 1645 1049 1702 scit
1064 1650 1094 1703 et
1109 1647 1157 1718 qui

227 1739 297 1797 mihi
319 1740 410 1796 multa
431 1739 509 1797 bona
531 1737 611 1807 fecit,
635 1737 688 1795 sed
710 1755 769 1795 uon
783 1743 836 1808 tot,
861 1743 932 1811 quot
947 1738 1097 1798 debuisset
1120 1740 1156 1798 ob

225 1833 330 1892 merita
345 1849 418 1902 mco,
436 1833 503 1905 quia
519 1849 618 1890 omnes
635 1831 685 1889 alii
700 1832 829 1904 theologi
846 1839 876 1889 et
890 1833 1025 1892 monachi
1041 1834 1157 1907 aufuge-

185 1947 212 1988 15
227 1932 295 1985 runt
317 1943 402 1996 ame
426 1932 455 1983 et
477 1925 613 1984 nonfuit
635 1926 679 1983 vir
701 1943 822 1995 mecum,
851 1927 899 1998 qui
922 1945 967 1985 me
991 1929 1158 1986 adiuvasset

226 2027 328 2080 contra
354 2021 519 2079 haereticos
542 2021 624 2078 istos
660 2019 718 2078 Sed
745 2037 820 2077 nuuc
843 2022 927 2078 venio
952 2021 1155 2081 suffarcinatus

226 2117 323 2174 multis
344 2115 519 2173 satellitibus
540 2119 570 2172 et
585 2114 660 2172 duco
676 2131 788 2172 mecum
804 2120 899 2172 totum
915 2117 1074 2174 exercitum
1090 2135 1157 2176 con-

226 2211 387 2268 clusionum
410 2214 512 2267 contra
535 2207 704 2266 omnifarios
727 2208 901 2278 haereticos,
927 2209 1029 2282 quibus
1045 2229 1099 2284 ego
1115 2213 1158 2270 ita

228 2305 291 2363 volo
316 2321 367 2362 eos
391 2302 578 2369 confundere,
600 2309 633 2360 ut
647 2303 788 2372 nesciant,
813 2303 882 2375 quid
898 2303 1025 2362 debeant
1040 2324 1158 2378 respou-

182 2417 212 2460 20
228 2399 307 2474 dere,
330 2404 360 2456 et
375 2403 460 2456 emnt
475 2415 574 2455 omncs
590 2396 729 2470 aufugere
745 2398 790 2455 vel
805 2415 944 2457 mussare.
968 2399 1077 2457 Verum
1093 2404 1160 2474 quia

227 2510 312 2552 nemo
335 2497 453 2551 tenetur
474 2493 600 2550 militare
624 2493 683 2549 suis
707 2493 851 2564 expensis,
876 2510 929 2565 ego
946 2494 1057 2564 vellem,
1082 2497 1159 2568 quod

227 2587 387 2646 dominatio
410 2592 508 2645 vestra
528 2586 681 2644 adiuvaret
702 2603 748 2644 me
772 2604 836 2644 cum
858 2589 993 2659 pecnnia,
1024 2591 1104 2662 quia,
1128 2597 1160 2648 ut

228 2683 324 2752 scitir,
353 2683 412 2740 iam
440 2687 507 2738 sunt
533 2681 630 2739 omnia
658 2697 726 2738 cara
750 2686 779 2739 et
800 2699 877 2754 papa
903 2683 1074 2742 nonhabet
1101 2686 1158 2743 iam

228 2777 349 2836 multum
372 2777 408 2834 de
430 2776 567 2848 pecunia,
597 2777 664 2848 quia
687 2776 772 2846 alias,
801 2776 875 2835 bene
899 2779 973 2847 scio,
1002 2779 1065 2850 ipse
1088 2781 1159 2837 mihi

184 2892 214 2934 25
229 2875 421 2940 succurreret,
446 2870 499 2928 sed
521 2871 584 2942 ipse
608 2871 722 2942 cogitur
741 2871 861 2928 multum
877 2873 1042 2946 expendere
1059 2881 1160 2934 contra

182 2979 244 3035 [siju]
267 2967 468 3038 Florentinos;
490 2970 519 3023 et
538 2969 642 3037 postca
663 2970 712 3040 est,
728 2966 817 3023 etiam
839 2963 953 3046 majgna
973 2970 1157 3039 verecundia,

229 3053 306 3135 quod
329 3061 387 3119 iam
409 3060 457 3117 hic
485 3064 552 3116 sunt
574 3059 656 3116 multi
679 3060 823 3133 episcopi,
852 3062 900 3134 qui
923 3079 988 3122 cum
1010 3065 1107 3122 multis
1131 3071 1160 3124 ct

229 3173 316 3228 super
338 3155 450 3228 magnis
474 3154 604 3226 equitant
620 3155 710 3226 equis,
735 3155 782 3227 qui
802 3173 861 3212 non
875 3162 942 3213 sunt
957 3158 999 3214 ita
1015 3157 1094 3216 docti
1110 3167 1161 3218 aut

229 3249 387 3323 qualificati
419 3249 495 3306 sicut
522 3265 575 3321 ego
603 3265 657 3307 uec
687 3249 783 3306 sciunt
806 3255 908 3308 contra
930 3251 1093 3311 haereticos
1118 3256 1160 3312 sic

186 3363 215 3405 30
229 3344 303 3401 bene
326 3360 464 3416 pugnare,
493 3347 523 3400 et
550 3360 603 3415 ego
627 3342 721 3401 habeo
746 3344 793 3400 vix
816 3361 903 3402 unum
926 3363 1042 3418 equum,
1073 3365 1161 3421 super

230 3454 314 3518 quem
337 3438 444 3510 aquito,
468 3441 498 3494 et
520 3441 618 3496 tamen
640 3455 699 3496 non
721 3443 766 3496 est
788 3456 878 3509 meus,
903 3441 955 3498 sed
970 3444 1071 3514 accepi
1094 3461 1159 3501 eum

229 3537 329 3590 mutuo
346 3548 363 3589 a
379 3529 514 3588 carnifice
531 3549 604 3602 meo,
626 3549 715 3604 aquo
732 3549 834 3591 carnes
851 3551 924 3593 emo.
950 3535 1008 3594 Sed
1023 3538 1160 3596 libentius

230 3627 331 3684 vellem
343 3625 451 3684 habere
464 3625 614 3697 pulchrum
630 3626 751 3696 asinum,
769 3629 817 3700 qui
833 3646 934 3688 carues
947 3632 1074 3690 asininas
1087 3633 1160 3691 bene
