2660 4140
481 187 594 234 aomvs
615 189 806 235 uuuounrva
1111 177 1129 235 9

263 362 403 422 Eckius.
429 364 565 434 Quamvis
582 366 670 424 etiam
685 366 808 435 litteras,
836 381 907 438 quas
923 353 1133 424 testimoniales

219 463 334 527 vocant,
358 475 376 515 a
397 460 516 516 natione
539 460 751 532 impetrassem.

263 559 361 618 Puer.-
390 560 580 634 Lipsensibus
608 579 748 635 perquam
775 562 897 630 similes,
927 567 1075 633 coemptas
1103 566 1134 619 et

220 655 426 713 emendicatas.
451 655 649 728 Iampridem
672 657 749 714 enim
770 655 844 716 fides
867 656 943 713 illius
965 656 1062 728 periit,
1087 655 1133 713 cui

183 766 197 808 a
220 749 282 806 sine
304 750 411 807 litteris
434 749 507 808 fides
531 751 700 823 denegatur.
794 741 796 746 ¹

262 852 404 910 Eckius.
429 853 506 923 Quid
528 855 580 924 ais,
605 859 702 912 terrae
725 851 858 926 pondus?

262 954 360 1012 Puer.
385 955 461 1014 Tuas
484 957 691 1029 praedicabam
712 957 823 1015 laudes.

261 1059 384 1116 Amici.
413 1057 471 1117 Sed
498 1061 615 1130 mirum,
643 1060 722 1134 quod
743 1061 1003 1133 Augustinensium
1030 1059 1133 1118 factio-

217 1169 283 1210 nem
309 1151 352 1210 ibi
374 1153 472 1226 vigere
506 1155 632 1225 adseris,
668 1155 751 1227 quasi
776 1171 836 1213 non
862 1155 948 1227 longe
980 1155 1017 1212 iis
1045 1155 1132 1214 Prae-

166 1265 195 1307 ro
218 1247 366 1305 dicatores
390 1249 572 1318 antecellant,
597 1253 699 1321 utpote
722 1250 770 1322 qui
793 1249 852 1306 suis
875 1249 1025 1307 blanditiis
1040 1249 1132 1322 probe

217 1341 470 1414 Nurinbergenses
493 1344 614 1416 palpare
640 1343 776 1402 noverint
803 1359 837 1402 ac
859 1360 919 1401 non
944 1348 1005 1401 tam
1032 1361 1133 1402 eorum

218 1451 304 1507 quam
325 1453 449 1494 uxorum
472 1442 587 1496 secreta
610 1443 714 1496 cuncta
736 1443 863 1496 teneant.

261 1537 404 1596 Eckius.
433 1540 483 1597 Nil
504 1541 620 1610 mirum,
651 1557 667 1598 o
696 1541 796 1612 amici3
821 1541 928 1599 atenim
954 1541 1130 1612 mentiendo,

214 1633 375 1704 peierando
392 1639 422 1691 et
438 1633 639 1693 defraudando
655 1636 764 1693 totiens
779 1635 1065 1708 Nurinbergensibus
1080 1636 1132 1694 im-

168 1743 357 1798 reposuere,
388 1733 501 1786 utnon
529 1730 622 1787 solum
644 1728 733 1787 fidem
754 1729 890 1800 luserint,
918 1730 971 1788 sed
994 1731 1082 1788 etiam
1109 1731 1134 1787 si

217 1821 371 1879 veritatem
395 1823 530 1893 dixerint,
557 1824 674 1882 minime
696 1828 795 1882 tamen
816 1825 873 1882 illis
898 1825 1048 1898 credatur3
1073 1841 1133 1883 cer-

219 1916 286 1973 nitis
309 1917 407 1989 igitur,
432 1911 481 1975 ὅτι
503 1912 560 1976 οὐκ
582 1911 674 1986 ἀδεὲς
697 1911 790 1976 δέδια
813 1912 892 1986 δέος.

260 2019 383 2076 Amici.
407 2019 552 2092 Equidem
579 2025 609 2077 et
636 2024 665 2078 te
693 2036 806 2092 quoque
833 2020 1006 2092 perpulchre
1035 2026 1131 2078 centu-

167 2121 238 2176 [Βία]
271 2113 379 2171 riatum
420 2113 566 2184 videmus,
617 2130 683 2172 cum
715 2107 908 2194 inimilcorum
948 2114 1035 2186 plena
1073 2115 1132 2172 sint

166 2223 196 2265 ao
218 2222 324 2264 omma.

259 2309 358 2367 Puer.
383 2311 552 2369 Amicorum
575 2316 672 2369 autem
694 2328 787 2370 vacua
809 2313 914 2370 omnia.

259 2412 403 2470 Eckius.
428 2413 504 2483 Quid
526 2413 665 2484 blateras,
688 2412 794 2486 fiagitii
816 2412 981 2472 stabulum?

260 2515 358 2574 Puer.
383 2517 553 2574 Amicorum
574 2517 661 2589 plena
684 2517 817 2574 dicebam
841 2518 945 2575 omnia.

259 2619 381 2677 Amici.
417 2619 493 2690 Quid
521 2620 611 2692 igitur
642 2620 672 2677 in
706 2626 788 2679 tanto
821 2621 965 2694 agendum
990 2621 1130 2694 periculo,

165 2729 193 2772 25
216 2713 273 2770 nisi
296 2713 334 2771 ad
355 2713 513 2788 Lipsenses
535 2713 661 2773 forsitan
684 2714 884 2788 confugiamus
907 2712 995 2774 tuos?

258 2815 399 2875 Eckius.
424 2817 482 2876 Per
504 2817 633 2876 Socratis
658 2835 767 2888 canem,
791 2817 943 2876 basilicum
964 2818 1129 2892 consilium3

216 2911 323 2968 etenim
346 2912 401 2970 soli
422 2912 464 2969 illi
488 2912 596 2982 stolidi,
621 2912 715 2983 solidi,
739 2912 864 2984 inquam,
889 2917 919 2970 et
942 2913 1044 2984 optimi
1064 2918 1132 2972 sunt

215 3005 309 3062 amici.

257 3107 381 3167 Amici.
410 3102 476 3167 Ἔνι
497 3105 559 3187 γάρ
582 3127 637 3182 τις,
660 3101 709 3168 ἔνι
730 3102 879 3178 κίνδυνος
901 3104 938 3170 ἐν
959 3105 1005 3190 τῷ
1026 3103 1130 3190 πράγ-

164 3217 193 3260 ao
213 3219 302 3276 ματι,
327 3203 478 3276 siquidem,
501 3205 670 3276 priusquam
691 3204 734 3262 illi
750 3203 946 3275 subvenerint,
972 3204 1129 3262 admodum

213 3296 381 3368 verendum,
405 3314 441 3356 ne
469 3299 586 3356 interim
609 3298 734 3356 animam
757 3315 836 3372 agas.

222 3494 243 3528 ¹⁷
262 3494 341 3565 Quod
359 3514 414 3552 non
433 3497 492 3554 sine
510 3497 607 3556 timore
625 3497 744 3552 timeam.

194 3574 237 3611 Μ
256 3578 358 3636 Subest
376 3579 447 3636 enim
466 3581 585 3650 aliquod,
605 3581 699 3636 subest
716 3581 869 3649 periculum
887 3581 916 3635 in
934 3597 972 3637 re.
