2660 4140
208 216 247 274 36
531 227 642 273 somus
664 227 855 273 panonnrvs.

247 404 409 476 positiones
425 404 561 473 maiores,
578 403 715 473 minores,
734 403 897 472 corollaria,
914 405 1075 476 porismata
1091 410 1120 463 et
1135 422 1181 463 re-

249 500 328 572 liqua
350 499 380 557 id
403 515 493 570 genus
515 503 700 570 nugamenta.

290 603 411 659 Amici.
437 601 503 672 Pro,
529 606 638 674 quanta
659 601 797 659 inluvies!

292 706 494 777 Chirurgus.
520 705 623 763 Omnia
647 723 711 763 cum
727 706 838 778 capillis
855 705 1027 764 abiciantur.
1052 707 1127 778 Quin
1143 725 1179 766 ex

218 801 385 863 sauriculis
408 801 539 858 inaurem
561 800 691 859 detrahe.

290 897 435 954 Tonsor.
462 894 680 967 Chrysopassus
702 895 826 953 videtur.

292 998 496 1070 Chirurgus.
514 991 805 1074 Μολυβδόπασσος.
823 998 881 1056 Sed
892 1000 989 1071 potius
1002 1000 1108 1057 vitrum
1120 1006 1178 1072 est3

248 1093 369 1152 detrahe
393 1098 499 1150 tamen.
529 1092 626 1162 Proin,
651 1093 796 1165 theologe.
820 1094 947 1166 hagnam
970 1110 1081 1152 exsere.
1110 1093 1177 1165 Pr0,

248 1205 333 1262 quom
348 1188 431 1260 nigra
447 1192 477 1244 et
492 1187 613 1245 sordida
628 1188 720 1258 sedet,
736 1187 850 1245 bisulca
865 1192 919 1245 est.
936 1187 1082 1246 Forficem
1094 1189 1176 1258 cedo,

205 1303 232 1344 1o
246 1289 278 1340 ut
290 1299 358 1355 pars
375 1283 467 1339 altera
480 1281 677 1339 detruncetur.
695 1280 754 1339 Sed
771 1287 800 1340 ct
811 1283 958 1356 ingentem
970 1283 1050 1340 illum
1062 1283 1179 1340 dentem

248 1379 381 1436 caninum
398 1393 500 1434 eruere
515 1393 635 1434 necesse
652 1382 710 1434 est:
728 1377 800 1434 cedo
812 1375 962 1449 forcipem.
985 1377 1066 1436 Bene
1078 1378 1176 1449 habet,

248 1478 336 1546 caput
358 1471 568 1544 aliquantisper
581 1476 736 1543 purgatum
752 1476 809 1544 est3
834 1472 872 1530 ad
887 1473 998 1545 reliqua
1012 1490 1176 1546 pergamus.

247 1568 344 1625 Funes
368 1566 449 1623 cedo.

289 1660 431 1718 Echius.
456 1658 595 1728 Obsecro,
619 1675 656 1716 111
675 1676 721 1716 me
738 1661 875 1732 conligas,
899 1678 966 1718 nam
982 1662 1093 1720 solutus
1110 1679 1177 1735 quo·

205 1776 232 1816 11
248 1773 302 1828 quc
324 1753 442 1812 fortiter
463 1753 635 1810 incisionem
650 1753 792 1824 tolerabo,
816 1755 859 1812 ita
873 1760 906 1812 ut
920 1756 966 1813 vel
982 1755 1123 1814 Catonem
1137 1758 1176 1813 vi-

248 1851 321 1907 cisse
346 1848 510 1906 constantia
532 1848 641 1904 videar.

291 1943 494 2014 Chirurgus.
512 1943 561 1998 Nil
580 1943 642 2015 agis
659 1929 689 2000 et
700 1944 786 2015 paulo
799 1950 867 2016 post
882 1944 1041 2017 intelleges,
1060 1963 1178 2003 curnam

246 2039 367 2097 vinculis
391 2054 463 2109 opus
486 2036 584 2094 fuerit.

289 2133 432 2191 Eckius.
457 2132 502 2188 Ac
525 2132 691 2208 quid-nunc
714 2129 786 2189 fiet?

202 2248 230 2289 ao
290 2227 495 2298 Chirurgus.
532 2224 603 2282 Cum
632 2242 715 2283 omne
743 2227 844 2283 vitium
871 2227 949 2284 intus
978 2233 1007 2285 et
1034 2227 1086 2285 sub
1110 2233 1177 2286 cute

202 2333 282 2388 [Dija]
304 2322 408 2391 lateat,
433 2325 570 2392 tanquam
589 2319 727 2393 Marsyae
750 2315 842 2401 pelllis
865 2321 919 2378 tibi
934 2309 1058 2393 primum
1082 2323 1178 2380 detra·

246 2417 342 2474 banda
365 2421 418 2473 est.

288 2511 429 2569 Eckius.
454 2505 598 2602 1111101111ο

289 2612 492 2682 Chirurgus.
511 2611 576 2666 Nisi
596 2615 627 2666 tu
642 2611 723 2682 prius
738 2612 769 2667 in
783 2610 846 2670 fata
867 2613 1027 2670 concedere
1044 2618 1175 2685 exoptas.

202 2736 231 2777 25
289 2715 431 2772 Eckius
456 2714 567 2784 Apage,
593 2713 644 2770 sed
668 2713 770 2771 dolore
793 2715 928 2772 emoriar.

288 2817 489 2888 Chirurgus.
515 2813 646 2884 Confido,
669 2815 867 2887 potiunculam
890 2817 944 2874 tibi
963 2817 1111 2889 praebebo
1132 2835 1177 2876 so·

244 2911 416 2986 poriferam;
445 2928 530 2983 quom
556 2911 688 2982 protinus
711 2915 744 2966 ut
766 2911 907 2981 hauseris,
936 2929 995 2970 non
1017 2913 1103 2970 aliter
1125 2913 1179 2971 tibi

245 3023 362 3065 sensum
384 3005 502 3073 adimet,
527 3021 612 3076 quam
636 3005 660 3061 si
681 3003 813 3062 Lethaeo
835 3005 960 3064 bibisses
983 3008 1106 3080 gurgite.

286 3109 429 3168 Echius.
454 3108 591 3165 Forsitan
612 3125 666 3179 pro
688 3107 820 3166 Lethaea
841 3110 958 3168 letalem
981 3111 1094 3169 offeres.

201 3231 230 3275 ao
289 3213 493 3282 Chirurgus
519 3207 649 3279 Confide,
673 3209 798 3282 inquam.

286 3314 430 3372 Eckius.
455 3313 544 3384 Atqui
566 3312 706 3383 catapotii
722 3314 958 3373 commixtionem
978 3316 1057 3374 illam
1078 3317 1177 3390 digno·

245 3427 326 3468 scere
349 3407 448 3466 refert.

288 3511 492 3583 Chirurgus
517 3507 632 3580 Recipe.
649 3508 861 3582 mandragorae
887 3513 1049 3584 manipulos
1067 3515 1176 3583 decem,

244 3607 413 3680 hyoscyami
436 3621 505 3663 vero
533 3603 636 3660 libram
659 3604 801 3675 Atticam,
830 3606 939 3664 additis
969 3608 1065 3667 obiter
1091 3627 1178 3684 papa·
