2660 4140
222 155 240 212 ’6
544 169 655 214 nomvs
677 170 868 215 nunonnrvs.

283 345 388 414 anima,
412 344 591 418 perlibenter
611 346 736 404 animam
759 347 830 404 mihi
853 347 988 419 eriperet,
1013 352 1046 404 ut
1067 347 1123 404 hoc
1146 347 1200 404 illa

283 440 434 498 animaret.

327 542 428 601 Puer.
453 542 580 616 Egregie
603 543 736 615 profecto
760 562 824 602 cum
847 545 960 616 superis
983 548 1128 617 ageretur,
1145 544 1199 601 ubi

285 638 381 694 anima
404 637 615 696 sordidissimis
643 639 731 712 digna
758 639 872 696 latrinis
901 654 1056 711 supernam
1079 643 1198 711 regeret

248 749 262 790 o
284 731 456 790 machinam.

326 836 451 892 Amici.
487 835 577 894 Proin
611 854 676 894 cum
709 842 741 894 tu
769 837 882 895 Ricium
916 837 1101 906 abominaris,
1141 853 1198 909 age

284 929 447 1002 Augustam
471 931 508 988 ad
532 931 656 989 amicum
678 937 767 1001 tuum,
797 933 963 1004 opulentum
986 931 1065 989 illurn
1088 930 1197 988 scribe-

284 1041 347 1081 mus
371 1030 577 1098 mercatorem3
607 1027 631 1083 is
656 1027 741 1098 enim,
764 1043 801 1084 ne
825 1026 946 1084 deliciae
970 1042 1040 1083 suae
1063 1031 1195 1098 percant,

285 1119 330 1176 vel
352 1119 439 1178 turba
460 1120 639 1178 medicorum
662 1126 690 1178 te
714 1121 866 1194 opprimet.

236 1240 263 1282 10
328 1222 470 1281 Eckius.
498 1224 581 1282 Bona
603 1225 693 1282 verba
716 1241 832 1298 quaeso.

328 1327 448 1386 Amici.
473 1328 540 1386 Tibi
555 1329 715 1398 subveniet,
738 1329 835 1387 dicere
850 1327 1031 1400 volebamus3
1055 1344 1091 1385 ne
1106 1327 1199 1400 igitur

285 1421 370 1480 nobis
394 1423 509 1495 linguae
532 1423 645 1494 lapsum
671 1424 742 1481 vitio
765 1428 871 1481 vertas.

329 1525 472 1583 Eekius.
497 1525 564 1583 Non
591 1531 650 1583 tam
677 1543 810 1584 morosus
839 1544 910 1584 sum.
961 1524 1020 1584 Sed
1046 1541 1198 1597 quemnam

288 1617 406 1676 dicitis?
426 1619 505 1677 ¹Nam
526 1621 663 1692 permulti
679 1620 724 1677 vel
740 1618 876 1678 ditissimi
899 1638 934 1678 ac
955 1621 1012 1678 mei
1028 1620 1198 1677 amicissimi

237 1731 264 1772 15
287 1712 346 1770 illic
368 1719 459 1785 agunt
480 1718 668 1771 mercatores.

330 1816 453 1872 Amici.
489 1816 600 1888 Nempe
636 1817 682 1874 cui
714 1821 747 1873 tu
781 1817 848 1874 olim
881 1817 1008 1889 linguam
1031 1816 1136 1873 locasti
1170 1822 1200 1874 et

288 1925 359 1967 auro
382 1910 505 1978 inlectus
528 1910 619 1968 libere
642 1909 790 1970 faenerari
811 1911 970 1984 perinisisti
996 1911 1084 1983 idque
1108 1910 1197 1968 licere

288 2005 410 2062 sacratis
434 2004 631 2078 comprobasti
657 2006 772 2065 litteris

331 2108 473 2166 Eckius.
499 2108 557 2168 Sed
580 2116 702 2183 propter
724 2111 879 2168 canonicos
902 2108 1036 2166 indoctos
1052 2108 1196 2177 Augusta-

236 2220 266 2262 eo
287 2219 341 2261 nos
364 2203 493 2262 medicos
509 2205 696 2263 vehementer
717 2205 816 2272 timeo,
840 2219 876 2260 ne
898 2202 929 2258 in
943 2201 1058 2258 illorum
1072 2198 1197 2272 gratiam

288 2297 477 2370 pharmacum
499 2299 586 2358 letale
609 2316 662 2371 pro
686 2298 807 2356 salutari
829 2295 998 2370 praebeant.

226 2410 326 2467 lAiiijol
339 2398 462 2460 Amici.
480 2403 624 2473 Quidnam
638 2402 745 2460 malum
759 2401 816 2460 hoc
832 2400 997 2459 ‘canonicos
1013 2390 1197 2474 indooltos'?

331 2507 478 2564 Idckius
503 2507 594 2578 Atqui
619 2523 678 2564 non
705 2506 798 2564 solum
824 2504 949 2572 indocti,
978 2502 1032 2560 sed
1058 2506 1088 2559 et
1110 2500 1200 2572 hypo·

290 2601 381 2659 critae
404 2606 479 2658 sunt.

239 2721 268 2764 aa
334 2705 455 2762 Amici.
484 2705 525 2761 At
546 2703 644 2776 plures
667 2701 709 2759 ibi
731 2702 787 2758 viri
809 2701 917 2759 eruditi
940 2704 970 2757 et
991 2697 1078 2772 probi
1100 2700 1196 2770 agunt.

332 2808 476 2866 Eckius.
500 2807 646 2865 Forsitan.

333 2904 454 2961 Amici.
491 2902 580 2973 Quid,
615 2907 649 2959 ut
681 2901 807 2973 reliquos
842 2899 1019 2968 omittamus,
1053 2897 1084 2953 in
1114 2893 1199 2952 Adel-

289 2999 402 3056 mannis
425 2997 615 3069 reprehendis
638 2992 798 3053 fratribus?
822 3037 823 3040 ,
924 3023 926 3030 ι

240 3105 254 3126 ’
334 3092 479 3150 Eokius.
504 3091 543 3148 Vt
565 3095 664 3148 cetera
680 3090 820 3158 omittam,
844 3086 1006 3145 Lutherani
1021 3088 1088 3142 sunt
1103 3081 1196 3141 ambo.

241 3204 270 3246 eo
334 3186 456 3244 Amici.
482 3185 522 3242 Et
544 3185 615 3244 illud
637 3185 673 3242 iis
695 3185 767 3241 vitio
790 3179 900 3240 vertis?

334 3281 477 3338 Eokius.
503 3276 651 3349 Quidni?
675 3279 779 3336 Nonne
808 3277 885 3335 enim
900 3265 960 3347 ¹qui
981 3272 1130 3330 haeretico
1153 3270 1200 3328 ad·

292 3375 455 3448 stipulatur,
480 3373 596 3432 haeresi
620 3389 732 3446 quoque
756 3389 787 3430 se
809 3367 961 3443 inquinat?
999 3410 1002 3416 .

335 3470 457 3527 Amici.
483 3468 541 3527 Sed
564 3473 594 3526 et
616 3465 858 3538 oecolampadius
887 3469 916 3523 et
943 3462 1135 3535 Peutlngerus
1169 3475 1200 3516 ac

293 3564 497 3639 quamplures
522 3564 571 3622 alii
594 3563 635 3620 ibi
657 3563 788 3621 relucent
809 3560 873 3618 viri.
