2660 4140
217 235 257 292 30
542 245 652 290 acurvs
673 246 864 293 onnonnrvs

259 427 304 480 est
316 422 465 495 Origenes
484 421 709 494 chrysostomus
726 429 755 481 et
766 423 971 496 Hieronymus
994 423 1075 480 Nihil
1085 423 1191 481 mirum

253 519 350 590 igitur,
370 519 394 575 si
407 518 522 575 illorum
535 517 670 575 doctrina
683 518 815 576 omnibus
827 519 1001 576 maledicere
1014 517 1188 576 didicerunt.

295 630 458 688 Auditor.
490 628 548 686 Sed
579 630 610 685 ni
637 627 731 699 fallor,
763 634 792 687 et
819 647 870 687 vos
899 646 1022 702 quoque,
1053 629 1101 702 qui
1123 629 1190 687 illos

253 741 312 781 non
333 724 443 796 lagida,
477 723 606 796 perbelle
629 723 755 796 loliginis
784 741 901 782 succum
928 725 1097 796 inspergere
1123 741 1191 782 nos·

224 817 328 878 scitis.

294 928 437 987 Eolrius
466 929 557 1002 Atqui
573 929 658 987 decet
677 929 846 1000 theologum
861 929 959 987 verbis
978 928 1130 1001 probrosis
1147 928 1189 985 di-

252 1024 376 1097 gladiari
399 1029 428 1081 et
451 1023 697 1096 pertinacioribus
721 1024 930 1081 contumeliose
953 1023 1137 1081 maledicere.

294 1143 456 1201 Auditor.
474 1143 565 1200 Recte
580 1143 677 1214 igitur,
702 1143 727 1199 si
744 1143 875 1200 convicia
889 1143 1056 1215 theologum
1067 1141 1188 1212 faciunt,

252 1257 316 1298 cum
337 1237 490 1296 lenonibus
514 1242 544 1294 et
567 1238 672 1294 scortis
695 1237 840 1309 theologis
864 1239 1005 1294 convenit.

209 1379 236 1421 10
293 1359 435 1417 Eclrius.
461 1357 537 1428 Quid
559 1358 672 1428 mirum,
698 1359 723 1415 si
745 1358 952 1428 maledicimus
978 1374 1042 1414 cum
1066 1356 1188 1414 cottidie

251 1454 326 1512 male
350 1453 451 1511 audire
475 1449 626 1525 cogimur?

294 1566 457 1623 Auditor.
482 1565 517 1622 ld
539 1565 622 1622 vobis
645 1566 730 1636 ipsiu,
760 1566 809 1637 qui
835 1569 948 1622 tantam
974 1564 1122 1636 nequitiae
1144 1561 1186 1619 f-

250 1665 379 1718 nestram
402 1659 572 1731 aperuistis,
602 1663 753 1730 acceptum
776 1658 893 1730 feratis;
916 1659 995 1715 nosti
1019 1659 1094 1715 enim
1120 1675 1186 1729 pro·

250 1755 380 1812 verbium
403 1753 488 1809 illud:
513 1748 611 1824 qualia
635 1752 724 1821 dicae,
749 1752 820 1810 talia
843 1757 873 1810 et
895 1753 1006 1810 audies,

207 1895 235 1937 15
292 1874 440 1931 Eckius.
469 1872 559 1944 Atqui
586 1872 769 1930 tolerandum
795 1878 886 1942 essct,
912 1874 1073 1930 sitantum
1099 1871 1183 1929 uobis

248 1968 505 2039 remaledicerent3
529 1983 605 2024 nunc
627 1983 696 2024 vero
720 1984 804 2025 nemo
827 1985 886 2025 non
909 1973 1012 2025 contra
1033 1983 1087 2024 nos
1115 1967 1185 2023 scri-

247 2064 318 2122 here
346 2063 435 2121 audet
456 2061 543 2134 idque
566 2066 685 2134 praeter
705 2060 912 2119 Laterancnsis
942 2061 1057 2120 concilii
1084 2061 1184 2118 decre-

247 2164 321 2227 tum,
351 2174 406 2229 quo
435 2157 544 2214 diserte
573 2160 699 2221 cavetur,
728 2172 764 2213 ne
792 2157 855 2228 quis
884 2156 952 2228 quid
979 2157 1009 2212 in
1035 2155 1183 2227 publicum

248 2253 381 2310 emittere
397 2250 512 2318 audeat,
526 2251 582 2306 nisi
597 2250 628 2306 id
642 2251 723 2321 prius
739 2250 853 2308 anobis
865 2251 1026 2322 inspectum
1038 2255 1068 2307 et
1079 2266 1184 2322 appro-

203 2366 232 2409 ao
246 2348 347 2405 batum
368 2344 465 2402 fuerit.

288 2458 450 2516 Auditor.
474 2455 623 2526 Deliratia
648 2457 673 2513 si
695 2456 741 2513 vel
764 2457 1061 2514 excommunicatione
1083 2460 1183 2514 vestra

245 2570 308 2610 rem
331 2569 365 2610 eo
382 2551 526 2608 deducere
542 2551 681 2622 speratis:
706 2552 742 2608 de
764 2550 850 2609 bonis
874 2553 949 2608 enim
964 2551 1069 2609 litteris
1086 2555 1183 2609 actum

246 2647 331 2705 foret.

288 2758 428 2816 Eckius.
454 2755 530 2826 Quid
552 2755 637 2814 nobis
654 2756 689 2814 de
705 2756 825 2814 litteris!
848 2756 1013 2815 Dummodo
1029 2758 1090 2816 voti
1106 2774 1182 2815 com-

204 2864 303 2919 [niuja]
327 2858 410 2924 potes
432 2847 434 2927 l
456 2850 621 2908 evadamus.

287 2955 455 3012 Auditor.
480 2953 529 3010 Ad
552 2953 701 3010 Kalendas
723 2951 848 3011 forsitan
872 2953 1008 3012 Graecos.

287 3065 430 3122 Eelrius
455 3063 546 3136 Atqui
562 3064 639 3132 audi,
665 3063 733 3135 quid
749 3063 980 3121 Lovaniensibus
996 3081 1089 3137 nuper
1104 3065 1178 3123 aeci·

245 3160 288 3217 dit
310 3159 469 3230 theologis:
494 3157 611 3230 quidam
635 3159 711 3214 enim
733 3163 833 3230 poeta,
859 3160 903 3216 vir
923 3159 1026 3229 Belial,
1050 3159 1178 3217 libellum

244 3253 297 3311 sub
312 3253 516 3311 Nastadiensis
541 3253 716 3323 conseripsit
735 3253 886 3322 vocabulo,
911 3256 1039 3326 quamvis
1055 3271 1114 3312 non
1130 3255 1179 3312 de·

199 3367 227 3409 ao
243 3349 309 3417 sint,
334 3349 382 3420 qui
397 3347 477 3404 illum
494 3347 614 3403 alterius
632 3346 762 3404 sobolem
778 3363 842 3404 esse
858 3353 1017 3419 autument,
1041 3350 1177 3422 quoniam

241 3442 439 3501 Lovanienses
463 3441 493 3498 in
517 3457 581 3497 eum
604 3447 817 3519 συκοφαντεῖν
836 3459 895 3500 non
911 3443 1055 3501 desinunt.
1080 3444 1109 3502 Is
1125 3446 1177 3517 igi-

242 3542 298 3607 tur,
322 3541 528 3608 praeterquam
550 3534 629 3606 quod
651 3536 682 3591 in
704 3535 855 3593 universos
878 3537 1031 3610 theologos
1047 3539 1175 3596 ledorias

243 3635 369 3703 spargat,
394 3629 447 3686 sub
467 3622 561 3707 ’Ἁτης
576 3629 692 3686 nomine
709 3629 857 3701 Atensem‚
876 3631 928 3688 sub
945 3631 1072 3690 Phenaei
1089 3650 1175 3705 quen-
