2660 4140
524 238 634 282 ECKlVS
655 239 846 284 DEDOLATVS.

254 451 255 455 =
304 413 447 472 Euhius.
483 413 585 486 Atqui,
622 413 756 485 furcifer,
795 416 909 474 hiscere
947 413 1059 475 audes?
1098 418 1174 489 Quin

259 509 484 582 philosophatur
517 506 644 566 nebule?
689 508 879 581 Cantharam,
918 513 1051 584 inquam,
1099 514 1171 572 eedo

259 602 367 676 tuoque
384 602 482 660 officio
504 601 625 674 fungere
642 608 672 660 et
686 609 786 662 tacens
803 606 932 679 quidem;
957 611 1008 663 aut
1031 624 1085 680 ege
1102 608 1171 665 tibil

304 698 404 756 Puer.
429 697 470 754 At
492 713 546 770 ego
570 696 606 754 ab
631 697 728 756 officio
751 716 816 757 mee
840 700 919 758 haud
942 701 1067 759 alienum
1089 708 1172 775 puta-

224 793 336 862 ubam,
366 793 391 849 si
417 808 490 864 quae
518 791 628 863 optima
656 791 754 850 ferent
780 793 852 851 hero
880 797 1044 853 suasissem.
1074 796 1172 866 Quod-

261 889 285 946 si
301 888 374 944 meis
398 886 631 958 obtemperasses
654 887 781 957 monitiS,
805 905 859 946 nee
882 889 935 946 sub
958 891 1081 960 initium,
1106 909 1172 949 eum

259 999 371 1051 manus,
394 981 485 1053 pedes
509 985 539 1038 et
562 985 649 1052 eaput
670 983 748 1039 inter
768 983 984 1041 verbalissimas
1007 1002 1099 1058 nugas
1123 987 1172 1044 de·

260 1077 365 1136 mentis
397 1077 492 1132 instar
523 1075 679 1134 iaetitabas
713 1093 748 1134 aa
781 1081 845 1134 tote
883 1094 1005 1149 corpere
1042 1079 1170 1138 fabulam

261 1171 388 1230 saltabas
426 1170 601 1242 insuperque
640 1169 805 1228 Stenterem
844 1171 969 1229 elamore
1008 1171 1169 1255 exsupera-l

196 1277 271 1334 [Aijb]
297 1266 359 1335 bas,
385 1265 459 1322 adeo
481 1265 660 1335 incaluisseS,
685 1282 739 1323 nee
762 1283 838 1324 nune
853 1267 969 1339 quidem
984 1273 1044 1326 tam
1064 1269 1169 1328 acerbe

260 1361 324 1420 sitis
347 1361 421 1418 haee
442 1365 472 1416 te
496 1359 641 1417 cruciaret
663 1359 812 1418 Tantalea.

301 1455 444 1513 Euhius
469 1453 536 1523 Pro,
561 1454 679 1511 miseria
705 1454 883 1513 miserrima!
911 1456 1090 1528 Maneipium
1115 1457 1172 1516 hoe

259 1550 450 1622 largiloquam
473 1547 511 1605 ad
533 1548 677 1606 insaniam
699 1565 745 1606 me
771 1548 859 1606 hodie
886 1551 1009 1622 rediget.
1039 1551 1114 1622 Quin
1140 1558 1173 1610 tu

260 1645 337 1712 silea,
361 1640 546 1711 tervenefice,
570 1647 600 1699 et
623 1643 794 1700 cantharum
815 1643 955 1714 praebes!

209 1758 237 1801 15
302 1738 400 1795 Puer.
425 1735 523 1794 Silebe
545 1737 643 1809 igitur,
668 1737 804 1809 quoniam
827 1741 859 1794 tu
880 1738 923 1795 ita
945 1739 1028 1797 iubes
1057 1745 1087 1798 et
1113 1740 1172 1799 for-

259 1839 330 1890 tuna
351 1831 533 1904 iniquissima
554 1831 584 1890 in
607 1848 652 1889 me
675 1831 730 1888 tibi
757 1832 910 1904 imperium
936 1835 1083 1904 permisit,
1112 1853 1173 1894 nen

258 1929 376 2000 ignarus
399 1926 555 1998 pessimam
578 1943 642 1983 esse
666 1931 775 1984 sortem
798 1927 874 1984 servi
896 1927 982 1997 illius,
1007 1929 1055 2000 qui
1077 1929 1107 1986 in
1124 1930 1172 1988 de·

257 2021 362 2080 mentis
385 2021 448 2078 beri
472 2020 640 2077 servitutem
663 2021 807 2079 inciderit.
835 2021 909 2078 Bibe
935 2022 1025 2093 igitur
1052 2029 1115 2092 aut,
1146 2025 1171 2079 si

256 2116 357 2184 maviS,
379 2114 508 2172 bibendo
532 2119 560 2170 te
583 2114 700 2172 suffoca.

208 2231 236 2274 20
301 2209 445 2268 Eekius.
471 2207 547 2276 Quid
570 2211 631 2263 tute
655 2212 750 2263 tecum
773 2207 876 2278 garris,
901 2203 1055 2278 mastigia?

301 2304 402 2361 Puer.
437 2301 486 2358 Nil
520 2300 666 2372 equidem,
698 2300 831 2357 carithari
863 2299 987 2358 forsitan
1015 2301 1171 2373 strepitum

258 2399 376 2458 audisti.

300 2492 443 2550 Eehius.
469 2489 492 2548 O
516 2489 634 2547 fortuna
656 2488 727 2545 viris
749 2488 849 2546 invida
874 2487 1009 2559 fortibus,

272 2609 275 2616 ·
348 2586 440 2656 Quam
461 2601 521 2641 non
543 2601 636 2655 aequa
657 2583 742 2640 benis
765 2583 896 2654 praemia
919 2583 1039 2640 dividis!

206 2701 235 2743 aa
348 2679 449 2738 Gaude
472 2678 569 2750 igitur,
587 2677 723 2746 Martiae,
749 2681 779 2734 et
801 2681 841 2746 tu,
860 2677 1052 2746 Carolstadie,
1076 2677 1171 2750 gaude

346 2774 491 2842 Necnon,
509 2771 651 2842 Phihppe,
673 2770 790 2828 scholae
810 2772 1009 2842 pulverulenta
1022 2773 1170 2845 magister,

256 2875 414 2940 nostreque
435 2883 511 2924 nune
534 2865 717 2924 exsatiemini
740 2866 884 2936 cruciatu,
914 2867 1099 2925 oblectamini
1123 2867 1172 2924 do·

258 2965 333 3035 lare3
357 2963 398 3019 nil
421 2962 506 3031 enim,
530 2961 562 3017 ni
583 2960 677 3030 fallor,
699 2960 811 3032 gratius
833 2961 917 3018 vobis
938 2962 1054 3019 evenire
1070 2965 1172 3032 posset

259 3073 344 3129 quam
365 3057 491 3113 Euhium
514 3056 603 3112 tantis
627 3055 782 3124 aerumnis
817 3055 907 3112 tantis
930 3054 1089 3112 involutum
1113 3071 1173 3111 eer-

207 3170 236 3212 30
258 3168 327 3208 nere
345 3149 567 3222 aeternitatibus.
592 3148 651 3206 Sed
666 3149 772 3206 iterum
788 3149 967 3216 cantharum,
992 3152 1024 3204 ut
1038 3147 1172 3205 Baeehus

259 3245 374 3302 dolores
398 3244 565 3314 exstinguat
587 3247 646 3298 tam
668 3259 780 3313 graves

301 3339 401 3396 Puer.
431 3337 493 3395 lam
516 3337 594 3393 sitim
617 3335 673 3392 Iris
697 3336 842 3405 sedasset,
871 3335 1007 3392 nimirum
1030 3337 1056 3393 si
1083 3337 1170 3395 hodie

258 3433 346 3506 pluet.

300 3527 448 3586 Eekius.
473 3525 540 3593 Pro,
565 3524 614 3581 lux
638 3523 753 3594 acerba,
778 3525 840 3596 quis
863 3525 941 3582 intus
965 3525 1106 3598 scarpim,

207 3641 236 3682 aa
349 3621 419 3692 Quis
444 3636 549 3679 eaneer
570 3617 676 3676 infixus
699 3635 778 3676 meas
801 3620 862 3676 urit
883 3620 1034 3687 medullas,
