2660 4140
188 177 224 232 12
510 187 621 232 neurus
643 187 834 234 nnnomnvs

247 362 373 421 bustiori
399 367 517 421 vectore
543 363 683 421 utendum
711 365 775 421 erit.
805 364 926 422 Hircum
951 364 1049 437 itaque
1080 365 1162 422 illum

247 459 386 529 pilosum,
415 458 555 528 vetulum,
583 457 636 516 sed
661 459 837 516 valentulum
859 459 1028 518 inscendam
1051 464 1082 518 et
1103 459 1162 518 iam

247 552 330 622 abeo,
354 557 387 609 ιιι
408 552 546 624 pabulum
567 551 609 609 illi
631 570 789 625 apponam,
817 570 872 626 quo
895 554 1027 626 vegetior
1047 559 1161 612 tantum

246 647 360 703 itineris
384 647 533 704 exantlare
556 647 659 705 valeat.

210 769 223 810 a
289 748 430 817 EokiuS,
453 748 513 805 Abi
526 749 629 821 igitur;
646 750 770 822 epistola
785 751 862 808 enim
877 751 991 822 signata
1007 749 1161 808 confestim

246 844 284 902 ad
306 847 336 900 te
359 841 516 901 deferetur.
542 842 678 901 Ceterum
702 843 824 902 obsecro
847 849 891 914 te,
921 861 1037 902 reseoro
1060 849 1103 914 tc,
1128 849 1160 902 ut

245 938 360 996 naviter
382 941 486 994 cuncta
508 954 587 1009 agas.

289 1038 447 1097 Canidia.
472 1039 592 1096 Faciam
614 1039 645 1097 id
668 1040 778 1097 sedulo.
803 1038 862 1098 Sed
885 1041 932 1098 cui
954 1041 1078 1113 epistola
1094 1058 1160 1100 oon-

246 1133 389 1206 signanda
411 1130 487 1190 erit?

198 1255 225 1297 10
291 1236 433 1294 Eckius.
458 1235 560 1294 Rubeo
583 1253 658 1306 meo,
683 1237 731 1309 qui
754 1253 818 1295 eam
842 1237 910 1295 dein
931 1237 1065 1310 patribus
1093 1256 1159 1296 oon·

246 1331 362 1402 seriptis
385 1331 628 1404 repraesentabit.

289 1433 452 1492 Canidia.
477 1431 601 1492 Rubeo?
635 1433 786 1508 lnanilogo
810 1435 860 1505 illi,
896 1435 1018 1504 caudici,
1055 1437 1156 1509 stipiti,

246 1529 328 1586 asino
352 1529 497 1600 plumbeo,
531 1531 579 1601 qui
605 1546 665 1587 non
686 1531 750 1603 plus
777 1530 938 1602 sapientiae
961 1530 1052 1589 habet
1073 1549 1157 1604 quam

245 1619 341 1694 lapis?

198 1743 225 1786 ιι
290 1725 432 1782 Eclriua
456 1724 599 1797 Linguam
621 1723 745 1793 refrena,
769 1742 836 1783 nam
858 1743 939 1784 meus
964 1733 1016 1786 est.

288 1826 451 1885 Canidia.
476 1827 555 1884 Tuus
579 1829 625 1898 sit,
656 1828 724 1886 dum
750 1845 831 1886 meus
855 1846 913 1887 non
936 1831 982 1888 sit.
1019 1829 1078 1889 Sed
1099 1832 1156 1889 iam

244 1921 343 1979 itineri
365 1939 411 1980 me
435 1923 563 1994 accingo.
588 1956 630 1962 -
1053 1927 1062 1947 ”

286 2025 428 2083 Eckius.
453 2025 530 2083 Ecce
553 2025 678 2083 litterae.

287 2126 447 2186 Canidia.
472 2127 552 2185 Bene
576 2132 629 2185 est.
654 2128 757 2198 Evolo,
774 2129 805 2185 iu
820 2129 909 2186 altum
925 2129 1019 2188 tollor.
1036 2130 1156 2187 -Iam

193 2239 222 2281 ao
243 2221 374 2293 Lipsiam
395 2221 528 2294 inspicio.
552 2221 796 2280 Descendendum
819 2229 873 2294 est,
896 2240 932 2281 ne
955 2223 1097 2280 haeretici
1112 2223 1155 2280 illi

243 2316 377 2388 magistri
400 2333 446 2374 me
468 2316 589 2374 videant
610 2333 645 2373 ao
669 2316 704 2374 de
727 2317 843 2375 haeresi
865 2335 910 2376 me
932 2318 1092 2390 inquirant3
1125 2319 1156 2376 in

242 2414 328 2482 prato
355 2410 446 2482 igitur
468 2410 525 2468 hoc
551 2408 657 2468 florido
684 2416 831 2469 vectorem
858 2413 1032 2484 relinquam,
1061 2417 1094 2469 ut
1115 2412 1156 2469 in-

242 2505 341 2572 terim,
372 2505 441 2562 dum
467 2505 599 2574 redeam,
634 2504 733 2563 herbis
761 2505 807 2562 his
842 2505 997 2564 odoriferis
1025 2511 1156 2566 ventrem

244 2598 402 2658 distendat.
427 2598 555 2656 Pedibus
569 2616 637 2657 vero
654 2600 684 2656 in
700 2600 847 2657 civitatem
861 2617 961 2673 pergo.
975 2635 1017 2642 -—
1030 2601 1154 2671 Salvete,

192 2711 221 2754 ae
243 2697 394 2766 portarum
417 2692 563 2751 custodes.
591 2693 669 2750 Num
690 2693 762 2750 mihi
784 2693 914 2752 indicare
936 2697 1070 2767 potestis,
1094 2694 1155 2753 ubi·

242 2805 310 2845 nam
332 2787 451 2845 Rubeus
474 2788 599 2860 quidam,
624 2788 669 2844 vir
691 2787 873 2858 sacerrimus
898 2787 1032 2847 habitat?

286 2889 472 2948 Custodes.
512 2890 638 2950 Cumam
672 2889 807 2964 quaeris?
845 2892 921 2950 Nam
954 2898 984 2951 et
1016 2893 1048 2950 id
1080 2892 1154 2951 scire

242 2983 342 3042 refert.

286 3085 445 3144 Canidia.
469 3087 599 3146 Litteras
623 3089 661 3146 ad
684 3106 749 3147 eum
770 3088 843 3148 fero.

191 3205 220 3248 ao
286 3187 473 3246 Custodes
496 3189 577 3247 Bene
601 3195 654 3248 est.
680 3189 752 3247 Cum
766 3191 890 3262 primum
905 3190 1007 3249 urbem
1022 3191 1155 3264 ingressa

240 3280 331 3339 fueris
355 3298 389 3339 ac
411 3299 569 3354 parumper
590 3285 780 3355 processeris,
804 3285 842 3342 ad
863 3286 977 3343 laevam
1000 3285 1152 3358 divertit03

241 3375 310 3433 inde
344 3393 409 3432 curn
442 3393 496 3449 per
529 3379 714 3450 angiportum
739 3380 903 3450 proximum
937 3380 1092 3438 intraveris
1119 3396 1154 3437 ac

178 3478 253 3534 [alja]
270 3470 455 3528 dextrorsum
471 3471 598 3542 flexeris,
623 3473 653 3530 in
668 3473 802 3544 proxima
817 3472 969 3554 habifitare
992 3473 1157 3547 proseucha

240 3565 387 3623 hominem
409 3565 549 3624 invenies.
