2660 4140
494 241 605 288 ncKIVs
626 241 817 290 DEDOLA‘I'VS.

258 419 462 491 Chirurgus.
484 412 674 498 Ὑπόκρισις.

257 513 380 571 Amici.
409 513 590 570 Furunculus
613 530 691 572 vero.

258 607 462 680 Chirurguo
487 601 639 666 Κολακία.

256 703 378 760 Amici.
402 703 444 760 At
465 702 617 760 tubercula
639 703 705 761 ista.

185 825 199 868 e
259 805 465 878 Chirurguo
488 799 619 884 Ἀπάτη.

257 909 381 966 Amici.
407 907 467 966 Sed
487 909 662 980 myrmeciae
684 909 759 968 istae

258 1011 463 1084 Chirurgus.
499 1009 693 1091 Προπέτεια,
731 1029 817 1086 quam
849 1013 960 1072 invidia
992 1018 1023 1072 et
1056 1029 1140 1072 omne

213 1123 303 1179 genus
325 1106 471 1176 vitiorum,
500 1123 534 1164 ac
562 1107 587 1164 si
614 1107 645 1164 in
671 1107 800 1165 cloacam
823 1107 967 1180 quandam
990 1106 1144 1166 confluxis-

215 1205 288 1270 sent,
318 1201 461 1275 sequitur;
490 1202 611 1274 quaesi
644 1202 707 1274 quis
740 1219 910 1261 enumerare
937 1202 1037 1273 vellet,
1073 1207 1141 1260 ante

171 1313 199 1355 1o
214 1294 291 1353 diem
307 1295 405 1353 clauso
429 1301 584 1368 componet
598 1313 703 1368 vesper
718 1295 849 1369 Olympo.
867 1296 987 1369 Virgam
1001 1296 1143 1368 porrigite

213 1389 343 1461 ignitam.
364 1389 445 1448 Bene
468 1395 526 1463 est3
555 1389 628 1448 haec
654 1390 784 1461 inurere,
813 1391 887 1449 haec
917 1407 986 1449 vero
1013 1391 1142 1448 incidere

212 1501 332 1542 necesse
355 1489 409 1542 est.
433 1485 518 1542 Nune
540 1501 610 1542 vero
634 1485 708 1542 cutis
728 1485 896 1544 reducenda
918 1490 949 1544 et
964 1485 1139 1544 consuenda.

213 1577 305 1648 Quam
325 1578 401 1638 belle
425 1584 455 1638 et
476 1580 616 1652 magistro
639 1584 740 1637 nostro
765 1580 926 1640 dormiente
950 1585 1056 1638 cuncta
1081 1597 1144 1639 suc·

212 1689 335 1731 cessere.
359 1674 444 1732 Nunc
466 1675 543 1732 ultra
565 1690 728 1747 pergamus.

170 1803 197 1846 15
255 1784 396 1843 Eckiue
421 1785 493 1856 Ohe‚
517 1786 636 1858 inguina
658 1785 769 1858 tangis!

255 1895 459 1969 Chirurgus¹
484 1897 552 1969 Hui,
582 1898 749 1970 quamcito
773 1898 811 1956 ad
837 1898 953 1956 illorum
976 1901 1142 1956 contactum

212 1992 364 2065 evigilasti.
389 1992 504 2061 Videte,
527 1997 561 2049 ut
582 1999 685 2050 acutus
701 1993 794 2050 culter
816 1993 863 2063 sit,
886 1992 1043 2065 praecipue
1066 1993 1142 2050 enim

210 2087 291 2144 ulcus
315 2087 385 2144 illud
408 2086 495 2144 letale
518 2087 704 2144 incidendum
727 2091 784 2156 est,
814 2091 844 2144 et
870 2103 924 2160 ego
953 2087 1011 2144 iam
1034 2086 1142 2145 dudum

209 2181 304 2254 gestio
327 2198 453 2240 venereo
476 2181 544 2240 huic
566 2181 704 2253 nepotulo
728 2180 873 2240 abdomen
894 2179 1096 2239 hoe'adimere
1111 2186 1142 2239 et

164 2293 195 2336 aa
209 2279 346 2348 tanquam
367 2293 459 2348 puero
483 2276 642 2350 crepundia
664 2293 682 2334 a
705 2275 779 2334 collo
806 2275 993 2348 suspendere.

251 2377 394 2436 Eckiua
420 2379 443 2437 0
467 2396 521 2452 ego
544 2396 598 2452 per
613 2380 686 2438 caeli
709 2380 866 2438 iucundum
880 2379 978 2438 lumen
993 2385 1023 2438 et
1038 2396 1134 2449 aurae,

320 2473 378 2530 Per
399 2475 562 2546 genitorem
584 2490 645 2544 oro,
670 2492 723 2547 per
745 2492 826 2547 spem
849 2475 994 2548 surgentis
1018 2473 1082 2544 Iuli,

321 2567 373 2625 Vir
405 2567 545 2638 Troiane,
580 2569 642 2627 sine
675 2569 751 2628 hanc
781 2570 907 2628 animam
940 2574 971 2628 et
1003 2569 1141 2627 miserere

780 2665 937 2737 precantia.

164 2793 194 2840 at
253 2773 456 2849 Chirurgus.
480 2773 530 2834 Nil
551 2777 623 2850 agis,
647 2777 751 2836 marite
766 2777 891 2850 publice,
920 2775 1143 2836 emasculandus

210 2887 255 2942 es3
281 2871 353 2928 cedo
377 2871 513 2929 cultrum.

250 2981 392 3040 Eckius.
417 2980 449 3040 Si
471 2981 555 3052 mihi,
584 2982 630 3039 vir
655 2983 779 3054 optime,
807 2981 1017 3055 supellectilem
1043 2998 1138 3040 meam

207 3076 352 3149 integram
373 3075 538 3150 reliqueris,
567 3093 674 3135 vovens
697 3093 788 3136 voveo
811 3076 1052 3136 Praedicatorum
1074 3076 1139 3134 reli-

208 3170 288 3242 gioni
309 3188 356 3229 me
378 3171 571 3230 addicturum.

234 3387 244 3420 ¹
263 3387 435 3456 Hypoorisis.

234 3472 246 3507 ³
263 3472 408 3528 Adulatio.

236 3559 246 3592 ⁵
265 3558 409 3630 Deceptio.

232 3647 242 3680 ⁷
264 3645 430 3702 Temeritas.
