2660 4140
531 168 641 212 acnvs
662 165 852 212 DEDOLATVS.

316 343 480 400 Auditor.
505 343 612 402 Verum
636 361 700 402 cum
722 345 793 412 iam,
819 343 954 415 theologe
978 342 1100 415 optime,
1124 339 1182 398 for-

272 441 360 495 tunae
384 438 448 495 alea
471 439 509 496 sit
531 437 683 496 subeunda
706 456 740 496 ac
762 439 816 495 tibi
840 455 857 496 a
880 437 1047 495 criminibus
1071 435 1182 493 eunctis

271 530 347 588 liber
361 533 497 602 videaris,
519 533 623 591 saltem
637 533 694 591 hoo
709 550 762 605 per
777 533 893 590 solitam
909 532 955 589 dic
976 531 1181 598 temeritatem,

273 626 341 698 quid
364 632 393 684 te
416 631 449 684 ut
464 627 538 685 adeo
556 633 658 685 contra
673 627 834 684 Martinum
845 627 989 684 insanires
1005 625 1180 682 incitaverit.

236 745 250 786 s
315 728 456 786 Eckius.
482 729 602 788 Secreta
624 748 670 788 me
689 731 819 802 pandere
841 729 939 801 iubes3
962 728 1069 786 faciam
1084 733 1183 786 tamen

272 826 301 879 te
317 823 359 880 ita
374 823 502 881 volente:
521 824 761 882 Praedicatorum
777 825 829 882 sub
845 825 968 892 initium,
987 823 1054 880 dein
1069 839 1182 895 quoque

270 915 454 988 Lipsensium
477 919 702 990 pollicitationes
725 919 862 977 inlexere.

314 1019 475 1078 Auditor.
499 1023 541 1078 At
563 1038 616 1094 ego
640 1023 772 1080 veritatis
796 1038 925 1080 amorem
947 1025 977 1078 et
998 1018 1183 1077 Christianae

271 1111 342 1171 fidei
364 1116 492 1173 studium
515 1115 689 1174 arbitrabar.

224 1232 251 1274 10
315 1216 457 1275 Eckius.
484 1218 541 1276 Pro
565 1219 704 1277 coronide
720 1218 912 1288 addebantur,
938 1218 990 1276 sed
1005 1218 1084 1275 illinc
1099 1217 1183 1274 lacri-

272 1327 337 1368 mae
359 1312 434 1370 illae.

315 1414 476 1472 Auditor.
498 1415 576 1472 Mira
588 1414 689 1485 refers,
707 1416 789 1488 quasi
801 1413 1057 1472 Praedicatoribus
1071 1430 1183 1486 quoque

273 1507 400 1580 linguam
422 1509 574 1579 locaveris
599 1527 663 1567 cum
685 1510 743 1582 ipsi
766 1513 885 1567 cunctos
910 1509 1049 1566 mortales
1067 1509 1184 1579 linguae

274 1608 449 1674 exsuperent
471 1603 668 1675 improbitate,
694 1604 826 1660 caninam
846 1619 958 1676 quoque
974 1602 1184 1660 facunditatem

210 1714 237 1756 τι
275 1696 320 1754 vel
341 1697 495 1754 immodice
519 1714 656 1755 exercere
679 1699 820 1755 noverint.

316 1797 457 1856 Eckius.
481 1799 596 1858 Novere
613 1800 738 1873 quidem,
762 1805 792 1858 et
808 1800 862 1858 soli
877 1799 1101 1857 Praedicatores
1116 1798 1181 1855 huic

274 1893 444 1965 tragoediae
465 1894 617 1952 exordium
639 1894 810 1966 praebuere.
837 1893 972 1951 Ceterum
989 1910 1053 1951 oum
1068 1893 1126 1950 iam
1149 1909 1185 1948 ex

273 1986 352 2046 fumo
376 1989 471 2060 ignem
494 1990 685 2047 suscitassent
708 2006 742 2048 ac
765 2006 796 2046 se
812 1988 941 2046 Martino
965 1989 1091 2060 impares
1107 1986 1184 2044 vide-

273 2087 347 2152 rent,
374 2101 420 2140 me
443 2083 583 2141 vicarium
605 2083 797 2142 substituere:
821 2100 880 2141 non
902 2099 1017 2154 semper
1033 2083 1109 2140 enim
1123 2080 1185 2138 feli-

209 2185 281 2242 lOijbl
311 2194 373 2234 cem
401 2195 466 2234 esse
497 2179 692 2236 temeritatem
724 2177 867 2235 Beruensi
901 2195 935 2235 ao
965 2172 1184 2254 Reuebbniana

276 2271 441 2328 calamitate
453 2273 511 2329 iam
528 2273 641 2344 experti
657 2276 731 2328 sunt.
754 2272 826 2329 Ideo
842 2272 987 2343 tantisper
1002 2270 1185 2327 dissimulant

273 2369 360 2438 atque
382 2383 517 2424 ursorum
539 2367 634 2424 instar
655 2365 784 2424 hibernis
807 2367 866 2424 iam
887 2365 1048 2424 dormitant
1063 2364 1181 2433 solibus,

274 2464 306 2516 ut
324 2461 483 2518 crassiores
503 2466 532 2520 et
553 2462 716 2534 vegetiores
738 2460 893 2534 aliquando
917 2465 1089 2530 conceptum
1105 2458 1183 2515 virus

276 2570 410 2612 evomere
434 2561 464 2612 et
485 2572 575 2613 novas
598 2555 699 2613 turbas
723 2556 865 2613 suscitare
888 2555 1013 2612 valeant.

210 2673 240 2714 as
320 2656 481 2714 Auditor.
511 2657 652 2730 Egregie,
681 2663 714 2714 ut
736 2658 914 2730 agitantibus
937 2657 1006 2715 fatis
1030 2655 1183 2729 aliquando

274 2750 506 2823 Templan‘orum
529 2755 686 2824 sequantur
708 2753 839 2824 vestigia.
864 2751 923 2809 Sed
946 2751 1015 2824 quid
1029 2751 1185 2823 Lipsenses

275 2843 431 2903 movebat?

317 2939 461 2997 Eckius.
486 2935 549 2998 Καὶ
569 2935 719 3020 κεραμεὺς
734 2946 864 3019 κεραμεῖ
877 2937 977 2998 κοτέει
993 2934 1047 2996 καὶ
1063 2935 1185 2996 τέκτονι

825 3032 949 3104 τέκτων,

209 3145 239 3187 ao
364 3122 428 3186 Καὶ
443 3124 570 3204 πτωχὸς
584 3124 702 3206 πτωχῷ
719 3126 855 3206 φθονέει
870 3125 924 3185 καὶ
946 3120 1058 3195 ἀοιδὸς
1073 3119 1183 3205 ἀοιδῷ.

317 3231 480 3288 Auditor.
506 3231 583 3288 Num
599 3236 696 3288 tantos
712 3237 811 3302 patres
824 3230 933 3286 invidia
946 3247 1058 3302 quoque
1070 3226 1184 3302 tangit?

279 3406 301 3439 ¹³
318 3406 394 3459 Laus
412 3404 643 3460 Praedicatorum.

253 3481 275 3515 2⁸
287 3483 305 3514 “-
323 3483 362 3536 Et
384 3481 485 3550 figulus
508 3483 593 3552 figulo
615 3482 745 3537 irascitur
763 3488 792 3537 et
809 3482 886 3538 fabro
900 3482 985 3550 taber,
1004 3486 1033 3537 et
1044 3479 1183 3535 mendicus

211 3559 333 3614 mendico
352 3560 459 3615 invidet
477 3564 506 3614 et
523 3566 606 3630 poeta
623 3565 728 3628 poetae.
