2660 4140
453 253 537 298 acmr
559 252 715 324 paeonum
738 252 861 298 cauria.
1102 245 1141 304 47

214 446 333 503 cumque
356 429 551 502 pervenirem,
576 429 653 501 quod
676 446 721 487 me
746 446 854 499 omnes,
878 431 923 488 vel
947 436 1046 488 essent
1067 432 1144 504 prin·

214 525 302 597 cipes,
320 525 459 597 episcopi,
484 523 615 594 abbates,
640 525 783 594 civitates
807 525 892 582 villae
916 525 959 582 vel
974 525 1145 599 quicumque

214 619 278 689 alii,
307 636 372 677 curn
399 628 511 676 summa
534 619 703 691 exciperent
724 619 912 676 veneratione
940 624 971 678 et
993 621 1142 680 servitutis

214 714 393 772 exhibitione
416 713 652 786 dimitterentquc
677 729 741 771 oum
762 713 832 771 boni
855 713 954 772 viatici
970 714 1143 789 donatione;

184 825 279 869 anam
306 808 385 866 omni
406 809 517 866 honore
540 825 603 865 sum
626 808 730 880 dignus
754 807 792 865 ob
812 813 857 866 tot
880 813 910 866 et
928 808 1001 866 tales
1017 809 1142 881 labores,

215 920 286 976 quos
309 903 398 960 habui
420 919 473 974 pro
497 903 620 960 ecclesia
643 902 699 960 dei.
723 901 763 959 Et
783 907 852 959 tunc
875 919 929 975 ego
945 903 1047 961 vellem
1061 905 1145 963 vobis

214 998 333 1055 realiter
360 997 501 1054 inservire
525 1002 627 1054 contra
648 997 823 1054 haereticos.
852 996 917 1069 Ego
940 998 1043 1056 vellem
1065 999 1146 1071 ipsos

215 1092 398 1161 comburere,
428 1090 608 1163 decapitare,
639 1091 826 1160 detmncare,
855 1091 980 1150 vembus
1009 1091 1145 1166 suffigere

214 1192 244 1244 et
271 1187 418 1256 occidere,
447 1186 592 1258 quomodo
619 1203 745 1257 possem,
774 1185 842 1258 quia
869 1186 941 1243 alias
969 1187 1057 1244 etiam
1082 1205 1145 1246 sum

174 1300 201 1342 10
216 1281 354 1339 terribilis
383 1281 483 1350 homo,
512 1280 668 1353 praecipuo
696 1279 811 1352 quando
839 1278 896 1337 feci
923 1281 1030 1338 multos
1052 1281 1145 1354 bonos

215 1376 345 1446 haustuS,
374 1375 441 1448 quia
464 1379 532 1432 tunc
554 1374 639 1431 unico
662 1375 723 1431 ictu
746 1391 799 1447 ego
816 1374 917 1431 vellem
932 1373 1006 1432 bene
1031 1382 1145 1435 centum

172 1479 243 1537 [iujo]
281 1468 446 1526 interficere
469 1485 528 1526 non
548 1464 550 1548 l
572 1469 665 1537 aliter,
690 1469 771 1526 acsi
794 1473 892 1525 essent
913 1485 1040 1526 muscae.
1064 1469 1105 1527 Et
1121 1471 1147 1528 si

217 1564 377 1622 dominatio
403 1569 502 1621 vestra
529 1567 559 1619 et
586 1562 718 1620 dominus
744 1579 821 1635 papa
847 1562 955 1620 vellent
982 1563 1052 1620 mihi
1075 1565 1146 1624 dare

214 1659 370 1726 licentiam,
395 1657 471 1730 quod
495 1673 549 1729 ego
571 1674 688 1729 possem
711 1656 920 1715 omniafacere
943 1674 1017 1730 quae
1032 1659 1144 1729 vellem,

174 1773 201 1814 15
216 1771 270 1826 ego
292 1753 395 1810 vellem
424 1752 512 1810 talem
538 1752 637 1809 ludum
665 1753 807 1824 incipere,
836 1753 913 1824 quod
941 1753 1022 1810 eritis
1045 1754 1145 1813 videre

215 1848 368 1916 mirabilia,
393 1847 461 1918 quia
484 1846 581 1902 omnia
602 1846 705 1903 vellem
728 1845 907 1904 confundere
931 1852 960 1904 et
982 1865 1096 1904 sursum
1116 1855 1146 1906 et

216 1943 352 2002 deorsum
374 1941 582 2013 praecipitare,
612 1940 705 1998 donec
730 1957 815 1998 nemo
839 1941 941 2010 sciret,
969 1941 1019 1998 ubi
1041 1943 1146 2014 princi-

214 2039 293 2110 pium
318 2040 396 2094 esset
417 2035 463 2092 vel
485 2033 560 2092 finis
590 2033 693 2092 Nonne
716 2035 789 2092 haec
811 2035 932 2092 multum
954 2034 1086 2094 facerent
1108 2038 1146 2095 ad

214 2133 356 2190 honorem
379 2129 585 2188 dominationis
608 2133 737 2198 vestrae,
762 2129 839 2201 quod
861 2146 934 2186 unus
958 2131 1036 2187 solus
1058 2131 1145 2190 homo

171 2246 200 2288 ao
215 2231 313 2284 vestra
335 2225 510 2283 auctoritate
534 2222 665 2280 suffultus
682 2224 770 2281 etiam
785 2223 898 2294 lapides
913 2228 1039 2282 tremere
1054 2224 1146 2283 iacit?

215 2322 400 2394 Quapropter
421 2319 495 2376 bene
519 2318 646 2390 cogitate
670 2317 795 2388 desuper
818 2323 848 2375 et
863 2318 931 2376 date
954 2319 1024 2376 mihi
1038 2319 1147 2378 bonum

215 2431 395 2488 responsum.
431 2412 516 2482 Quod
549 2413 608 2469 erit
639 2411 714 2469 bene
748 2412 790 2469 sic
817 2417 915 2470 vester
941 2413 1036 2470 honor
1062 2431 1148 2486 quam

216 2527 306 2568 meus.
336 2507 367 2566 Si
394 2512 491 2565 autem
520 2510 618 2563 essent
646 2507 734 2578 aliqui
761 2506 864 2575 invidi,
894 2508 941 2579 qui
968 2507 1075 2565 vellent
1101 2526 1146 2568 me

215 2604 357 2677 impedire
380 2602 458 2674 apud
481 2601 711 2659 dominationem
733 2606 859 2659 vestram
882 2606 912 2659 et
934 2602 1044 2673 dicere,
1072 2605 1149 2676 quod

171 2721 200 2762 aa
216 2717 269 2772 ego
293 2700 347 2756 sim
362 2715 435 2755 unus
452 2696 592 2754 audacter
607 2700 638 2754 et
652 2697 833 2765 temerarius,
859 2695 965 2766 ebrius
990 2703 1146 2767 scortator,

213 2794 379 2866 impudenS,
404 2791 608 2860 calumniator,
638 2791 783 2862 sophista,
807 2791 953 2862 garrulus,
985 2791 1145 2863 improbus,

214 2888 348 2955 mendax,
373 2887 494 2955 aleator,
520 2886 668 2953 clamator,
693 2900 857 2956 percussor,
874 2885 1002 2955 insanus,
1019 2884 1146 2944 furiosus

215 2989 285 3054 etc,
309 2999 368 3041 non
391 2980 504 3038 debetis
527 2980 555 3036 ei
578 2979 711 3048 credere,
744 2978 811 3050 quia
836 2979 906 3036 licet
933 2979 1000 3036 olim
1027 2981 1148 3038 multum

212 3079 275 3136 bibi
303 3082 333 3135 et
365 3075 481 3147 saepius
508 3089 599 3146 usquc
626 3073 664 3130 ad
691 3073 831 3130 vomitum
859 3072 955 3131 ebrius
983 3073 1025 3131 fui
1052 3079 1082 3132 et
1105 3076 1147 3134 sic

170 3193 199 3235 ao
214 3173 310 3231 audax
333 3171 412 3229 evasi
428 3175 458 3228 et
480 3169 661 3238 temerariae,
689 3173 787 3225 tamen
801 3167 860 3225 iam
876 3169 987 3226 cessavi
1010 3169 1084 3226 etin
1100 3169 1148 3228 die

213 3285 271 3325 non
286 3267 364 3323 ultra
380 3265 480 3323 decem
495 3264 651 3322 cantharos
667 3262 845 3320 mensurales
862 3261 962 3335 ebib0;
980 3267 1010 3320 ot
1032 3265 1148 3336 quando

214 3361 321 3428 sentio,
352 3358 429 3431 quod
455 3359 552 3414 vinum
574 3357 635 3414 vult
656 3356 727 3414 mihi
750 3356 780 3413 in
802 3361 890 3428 caput
912 3356 1070 3416 ascendere
1103 3359 1150 3417 vel

213 3455 291 3528 quod
313 3454 378 3511 volo
402 3467 545 3522 evomere,
569 3457 638 3509 tunc
661 3467 743 3508 cesso
767 3467 887 3522 magnos
913 3451 1034 3510 haustus
1050 3451 1149 3510 facere

214 3555 244 3608 et
269 3565 329 3606 non
356 3548 442 3605 aliter
469 3563 554 3618 quam
579 3544 750 3618 pytissando
781 3544 924 3616 procedo,
964 3545 1058 3604 donec
1095 3563 1149 3604 nec

170 3662 198 3707 aa
213 3645 304 3718 pedes
326 3657 381 3701 nec
403 3641 502 3714 lingua
524 3657 607 3697 suum
629 3638 741 3696 faciunt
768 3636 905 3696 officium.
929 3639 970 3698 Et
997 3645 1065 3699 tunc
1091 3657 1151 3699 non
