2660 4140
507 238 617 283 numus
638 237 830 283 DEDOLATVS.

244 417 299 474 hec
322 421 420 473 tamen
442 416 511 483 scie,
536 413 621 486 quud,
645 414 715 471 licet
737 431 754 471 a
775 412 872 472 fronte
896 421 925 473 et
947 432 1006 473 nun
1028 433 1046 474 a
1072 421 1157 488 terge

243 510 401 580 resideam,
429 508 642 566 intolerabilem
664 513 763 566 tamen
785 509 909 566 sentiam
930 515 1074 582 putorem.
1099 510 1159 569 Sed

244 607 303 663 iam
330 605 544 675 Thuringomm
571 619 778 674 exsuperemus
806 603 921 676 silvam;
949 621 985 662 en
1008 605 1156 678 Keberga,

245 700 317 758 haec
344 697 546 770 Babenbergu,
580 697 654 755 haec
686 714 755 755 vero
789 704 836 756 est
865 699 1065 772 Nuriuberga,
1101 701 1160 758 iam

210 813 224 855 e
246 793 412 852 Danubium
440 809 542 862 cerne,
570 792 628 849 iam
651 791 862 864 Ingelstadium
888 795 1080 865 pervenimus.
1104 794 1162 852 De-

246 888 352 946 scende
375 887 447 956 iam,
476 887 686 958 impurissime,
714 890 747 943 ut
773 887 910 945 miseram
932 889 1007 946 hunc
1034 888 1159 947 bestiam

247 983 349 1040 Histro
372 982 542 1053 immergam
565 985 594 1038 et
616 997 635 1038 a
657 980 836 1053 spurcissimi
858 982 987 1040 madoris
1015 983 1095 1041 olere
1112 985 1161 1042 ab·

247 1078 333 1145 luam,
358 1077 438 1133 cuius
460 1076 509 1132 vix
532 1091 624 1147 aquae
647 1074 806 1145 sufficient,
830 1081 863 1132 ut
884 1081 968 1134 tanta
990 1078 1161 1151 detergatur

247 1171 382 1228 inluvies:
406 1171 448 1227 ita
471 1174 574 1227 cuncta
596 1169 798 1242 permerdasti.

198 1295 226 1336 re
290 1273 440 1331 Rubeus.
465 1272 513 1330 Eu
536 1272 690 1330 descende.
714 1271 782 1342 Pro,
807 1279 944 1345 quantum
966 1291 1044 1346 pyga
1066 1275 1159 1348 delet,

249 1369 352 1426 saltem
375 1361 559 1446 ἐφιππείοις
580 1366 705 1424 bestiam
727 1367 922 1425 instravisses

292 1471 493 1542 Chirurgus.
518 1468 559 1526 Et
573 1469 644 1526 mihi
666 1485 767 1526 manus
790 1470 898 1539 delent,
922 1487 990 1528 nam
1011 1466 1161 1551 χειροθή-

184 1577 287 1632 [Biiijb]
309 1582 379 1632 καις
398 1561 402 1642 Ι
423 1562 566 1621 carebam.

291 1666 441 1725 Rubeus
467 1665 525 1724 Sed
540 1666 612 1734 vale,
639 1663 775 1738 Canidia3
798 1666 857 1724 iam
873 1667 949 1725 enim
965 1667 1003 1726 ad
1019 1668 1159 1727 Kerkium

200 1782 226 1824 rc
248 1767 380 1819 nestrum
401 1761 557 1832 pergimus,

295 1863 451 1923 Canidia.
475 1863 516 1920 Et
530 1880 582 1921 vos
598 1880 711 1935 quoque
727 1862 869 1922 eleucales
885 1864 980 1922 valete
994 1865 1159 1938 Lipsenses,

250 1961 293 2017 ita
304 1965 410 2028 tamen,
427 1963 459 2015 ut
470 1974 615 2030 nunquam
627 1957 665 2015 ad
674 1961 812 2029 paternos
824 1957 900 2016 lares
913 1961 1108 2017 revertamini.
1122 1995 1163 2001 —

294 2062 445 2120 Rubeus.
473 2054 621 2131 Παιδίον,
646 2065 717 2131 παῖ,
741 2055 805 2140 ἠμί,
828 2061 904 2118 nat!

296 2166 394 2222 Puer.
438 2161 494 2232 Ίῖς
531 2158 587 2242 τὴν
620 2157 728 2239 θύραν
765 2157 925 2231 ἐπάταξεν
953 2159 995 2231 ὠς
1024 2163 1162 2221 Κενταυ-

202 2281 231 2323 20
253 2253 366 2339 ρικῶςῖ)

296 2361 444 2420 Rubeus.
478 2358 554 2429 Quin
580 2359 676 2431 aperis
711 2365 741 2416 et
773 2359 890 2417 domine
924 2377 977 2417 nes
1012 2360 1164 2419 advenisse

252 2458 377 2516 nuntias.

296 2560 396 2616 Puer.
420 2557 545 2626 Adsunt,
570 2573 587 2612 0
610 2556 691 2625 here,
713 2556 818 2613 medici
844 2555 1010 2628 Lipsenses.

296 2661 436 2719 Eckius
471 2659 586 2716 Verane
620 2663 687 2714 sunt
718 2674 791 2730 quae
820 2658 893 2727 dixi,
927 2676 943 2716 ο
978 2656 1084 2717 amici?
1120 2659 1166 2715 En

202 2777 231 2819 25
254 2757 395 2816 homines,

296 2858 417 2918 Amici.
441 2857 518 2914 Vere
542 2855 703 2928 praestigia
725 2854 798 2912 haec
821 2859 888 2912 sunt
911 2860 940 2913 et
962 2856 1165 2915 circulatorum

254 2956 476 3013 incantamenta.

297 3056 438 3115 Eckius.
464 3053 486 3111 Ο
509 3052 737 3122 beneveneritiS,
767 3051 868 3110 Rubec
891 3052 943 3122 mi,
968 3051 1168 3110 Rubianerum

255 3148 485 3210 Rubianissime!

204 3277 233 3318 ee
298 3254 446 3312 Rubeus.
475 3251 539 3309 Deo
563 3250 681 3322 gratias,
709 3248 882 3306 venerabilis
899 3248 1014 3306 demine
1030 3249 1171 3320 magister

255 3356 363 3411 uester.
388 3347 412 3406 Ο
436 3345 580 3419 quomedo
604 3361 657 3416 ege
681 3343 766 3400 video
789 3359 840 3400 vos
863 3343 905 3400 sie
927 3343 1065 3412 libenter,
1093 3342 1171 3416 qued

262 3553 284 3586 ¹⁸
301 3539 431 3617 Puerule,
448 3563 523 3616 puer,
545 3547 612 3600 heus
631 3544 708 3612 puer!

244 3637 283 3670 Μ·
304 3637 373 3707 Quis
392 3635 502 3689 ianuam
519 3629 644 3700 pulsauit
662 3629 729 3682 adeo
749 3627 933 3683 Centaurice‘?
