2660 4140
460 215 723 325 acurrstomwomrr
746 247 870 294 calmo.

219 421 356 495 Degener
379 427 424 481 est
412 423 559 481 tanimus
583 415 661 500 tibb'
660 403 723 482 ζἰιι
746 424 879 484 studiosa
900 424 1025 484 nocendi

220 515 305 575 Mens
328 517 362 574 lit
350 517 467 576 tteratis
489 517 604 576 litteris.

221 610 346 684 Perge
337 611 391 685 rgit
392 629 427 670 ur
450 629 521 684 coep
524 617 640 685 tumque
663 612 673 668 i
675 615 730 670 tarr
731 589 952 694 adsuetumque
975 617 1118 674 tumorem

218 705 333 764 Adsere
356 706 463 764 scholis
487 707 663 779 sophisticis,
757 705 820 782 ’ζ’
794 734 859 800 ·‘.··
838 740 846 753 ·

190 815 205 858 c
221 798 462 873 Quandoquidem
476 817 568 858 novus
584 818 614 859 es
630 785 831 873 prorsumque'
827 765 952 884 'dolatus
973 803 1012 862 ad
1030 819 1154 878 unguem

219 893 364 967 Purgatus
387 899 473 968 atque
497 896 903 954 uiscera·

220 986 300 1057 Quae
323 989 437 1048 nodosa
458 990 538 1062 prius
561 989 698 1059 fuerat,
690 1006 749 1050 ram
771 1007 848 1048 nunc
870 996 919 1049 cut
920 991 953 1057 ἰι
907 976 1051 1080 talbae

219 1081 335 1142 Vaccae
357 1084 506 1142 antecellit
527 1101 655 1143 munera.
966 1096 1024 1143 ι’*

217 1175 304 1236 Italia
325 1178 404 1236 haud
427 1178 535 1236 dudum
557 1179 681 1236 viditt
619 1176 819 1252 tsttaupefao
840 1179 1081 1259 rrumphoa.

174 1287 202 1331 1o
216 1270 303 1342 Tuos,
326 1273 396 1330 licet
417 1290 503 1331 nemo
526 1272 678 1346 approbet.
1087 1323 1112 1348 .

217 1365 344 1435 Quinet
332 1367 548 1426 tPannonia
539 1367 688 1440 mgenium
710 1373 756 1426 cst
777 1367 892 1439 mirata,
917 1368 969 1427 sed
991 1349 1113 1428 audet·
1130 1409 1177 1451 ·.

216 1460 310 1519 Nemo
334 1463 461 1520 omnium
483 1455 1198 1528 subscribere.

219 1554 296 1624 Quid
318 1555 395 1628 quod
418 1555 579 1614 Saxonicos
603 1556 753 1614 animust
740 1555 795 1613 tibi
817 1556 933 1616 vincere
956 1553 1088 1616 Mortes?

218 1647 277 1707 Sed
300 1667 348 1707 sus
371 1649 535 1709 Minervam
556 1667 709 1723 provocas.

176 1759 204 1802 rs
219 1742 329 1802 Martia
353 1743 493 1803 confictos
516 1744 634 1803 ridebat
655 1745 750 1804 Roma
772 1745 935 1818 triumphos

175 1847 245 1905 [viij
268 1838 420 1910 Fatuoque
442 1839 602 1910 plaudebat
624 1856 686 1897 suo.

218 1931 259 1990 Ta
282 1937 380 1990 tamen
402 1933 516 1990 interea
537 1933 653 1990 mentiti
674 1933 757 1991 larva
778 1932 870 2006 galeri

219 2028 321 2085 Manet
342 2043 397 2084 nec
420 2026 529 2099 excipit
550 2031 656 2084 tamen.

219 2120 258 2178 Vt
281 2121 371 2179 semel
392 2121 551 2194 ingressus
574 2121 672 2178 timuit
694 2125 723 2179 te
748 2121 845 2180 contio
868 2124 932 2180 tota

175 2232 205 2276 ao
220 2215 361 2274 Partaesa
383 2232 480 2274 mores
502 2215 614 2274 beluae.

220 2310 294 2368 Arta
316 2309 474 2368 laborabas
498 2310 609 2368 eaelum
632 2309 814 2368 committere
837 2309 933 2379 terris,

220 2403 344 2478 Propria
367 2404 419 2462 sed
442 2409 505 2462 arte
530 2405 650 2462 corruis.

219 2499 287 2556 Non
309 2499 390 2556 locus
413 2498 488 2556 ullus
511 2503 576 2556 erat
598 2498 703 2556 scortis
727 2503 859 2556 sacratus
880 2496 912 2554 in
932 2495 1015 2566 urbe,

219 2591 311 2662 Quem
333 2609 393 2650 non
415 2592 512 2650 adires
536 2597 662 2650 strenue.

174 2705 204 2748 aa
219 2688 270 2745 Vis
294 2687 368 2746 adeo
394 2692 423 2746 ιι
446 2704 551 2760 magna
573 2686 665 2744 trahit
686 2685 765 2757 fidei,
790 2686 867 2760 quod
887 2685 1002 2744 adulter

218 2782 259 2840 Et
281 2799 346 2841 ιιιι
368 2782 434 2841 leno
458 2781 598 2854 coeperis.

219 2877 296 2936 Hinc
319 2883 370 2935 tua
392 2882 421 2935 te
444 2877 549 2935 meritc
571 2875 694 2934 laudant
715 2874 887 2933 Pharisaica
908 2879 1048 2946 monstra,

219 2970 330 3041 Quibus
352 2972 469 3044 placere
493 2971 532 3029 sit
553 2969 644 3028 nefas.

220 3065 314 3125 Porro
337 3067 363 3124 si
384 3082 490 3138 pergas
513 3070 629 3123 teneras
652 3064 757 3123 vitiare
779 3063 901 3136 puellas,

176 3177 206 3220 ao
220 3160 334 3234 Agatur
355 3162 386 3220 in
408 3165 437 3218 te
459 3158 568 3229 fabula,

220 3254 321 3324 Qualis
343 3253 375 3312 ln
396 3255 531 3328 antiquos
553 3254 618 3312 lusa
641 3256 686 3312 est
709 3251 862 3311 comoedia
883 3250 1021 3310 moechos

220 3347 261 3405 Et
283 3348 353 3406 lusit
375 3349 405 3406 in
427 3349 559 3406 sicarios.

222 3441 281 3500 Sed
303 3447 332 3501 te
355 3443 449 3501 maior
470 3442 568 3510 habet,
592 3440 762 3511 reverende,
787 3439 942 3511 modestia,
970 3456 1055 3514 quam
1078 3437 1156 3513 quod

220 3536 281 3594 Aut
304 3536 441 3596 moechus
465 3541 517 3594 aut
539 3536 671 3594 sicarius.

176 3647 206 3692 aa
222 3630 294 3690 Cum
316 3635 345 3690 te
368 3631 447 3689 nulla
468 3635 568 3689 manet
590 3629 656 3688 vani
680 3627 825 3688 sententia
847 3627 934 3701 vulgi,

915 3725 948 3778 4*
