2660 4140
497 278 607 323 ucurus
629 277 819 323 nsooanrvs.
1107 266 1143 322 13

278 455 436 513 Canidia.
463 455 529 524 Pro,
554 471 639 527 quam
665 453 881 526 labyrintheum
902 452 1056 510 indicium!
1088 451 1146 510 Sed

234 555 294 608 tam
327 550 377 607 diu
409 549 524 608 obviam
551 549 700 608 venientes
726 547 929 619 interrogabo,
965 546 1058 604 donec
1095 546 1145 604 ubi

234 644 386 702 Musarum
409 643 543 701 habitent
567 643 703 714 deliciae,
732 643 891 715 inveniam;
926 645 970 710 et,
997 642 1027 698 ni
1049 639 1143 712 fallor,

235 739 291 796 hae
306 742 374 796 sunt
389 738 477 796 aedes
494 743 683 796 monstratae.
708 738 797 807 Heus,
814 738 896 807 heus,
914 737 1012 809 eequis
1029 733 1143 808 aperit?

197 861 211 902 a
277 842 429 899 Rubeus.
453 842 544 912 Heus,
568 843 649 912 heuS,
674 847 704 900 et
726 842 858 914 quisnam
880 839 959 898 fores
981 857 1061 898 meas
1084 845 1144 898 tam

234 935 366 994 furenter
387 935 516 1009 frangit?

278 1047 435 1106 Canidia.
459 1048 596 1106 Nondum
619 1048 711 1121 tetigi.

276 1149 426 1208 Rubeus.
451 1150 560 1207 Verum
582 1155 612 1208 te
626 1150 758 1222 pulsasse
775 1148 948 1207 arbitrabar.
973 1149 1032 1208 Sed
1048 1167 1143 1223 quem·

234 1262 301 1303 uam
323 1242 459 1318 quaeris?

183 1367 211 1409 10
278 1347 435 1406 Canidia.
460 1347 593 1406 Rubeum
617 1347 768 1420 quendam.

276 1450 425 1509 Rubeus.
455 1449 485 1508 Si
514 1450 632 1508 doctum
664 1451 792 1523 quaene,
822 1451 847 1507 is
875 1467 929 1523 ego
959 1467 1030 1507 sum.
1066 1450 1143 1521 Quid

232 1546 323 1618 igitur
344 1545 415 1603 velis
439 1545 555 1602 edicito.

277 1656 434 1714 Canidia.
458 1655 587 1714 Litteras
610 1655 683 1714 fero.

276 1759 426 1817 Rubcua
452 1757 640 1831 Scriptasne?
733 1732 739 1748 l

185 1879 212 1922 ra
276 1861 435 1920 Canidia.
460 1862 501 1920 Et
524 1861 692 1935 obsignatas
716 1880 837 1936 quoque.

275 1964 426 2022 Rubeus.
452 1963 557 2022 Profer
578 1966 675 2037 igitur.

276 2075 435 2140 Canidia
470 2076 568 2134 Primo
597 2077 709 2148 siguum
732 2077 856 2147 inspice,
880 2093 948 2134 nam
975 2077 1000 2134 si
1022 2075 1141 2134 Rubcus

232 2170 280 2228 illc
304 2187 343 2240 es,
369 2188 453 2243 quem
476 2171 617 2243 quaerito,
643 2169 795 2228 confestim
817 2171 888 2228 illud
912 2187 1078 2244 cognosces.

275 2273 424 2332 Rubeus
454 2274 525 2344 Pru,
554 2279 656 2332 sancta
677 2275 859 2346 Ignorantia,
883 2273 1049 2345 fortissimi,
1075 2274 1142 2332 doc-

179 2386 210 2428 20
233 2368 337 2425 tissimi
349 2374 435 2441 atque
448 2369 719 2442 insuperabilissimi
732 2370 838 2427 Keckii
853 2371 966 2427 litteras
980 2386 1075 2428 cerno.
1091 2363 1144 2436 Ὡς

231 2455 349 2540 ἥδομαι
361 2460 416 2520 καὶ
431 2461 595 2541 τέρπομαι,
614 2481 678 2520 cum
694 2465 769 2521 tanti
785 2465 839 2520 viri
850 2469 1036 2522 monumenta
1049 2465 1141 2522 solum

231 2557 369 2630 inspici03
394 2557 447 2614 sed
470 2563 499 2615 et
521 2557 664 2615 basiolum
686 2558 742 2616 illis
765 2557 886 2630 infigere
909 2559 989 2617 libet.

276 2666 434 2726 Canidia.
460 2667 523 2726 Iam
545 2669 630 2742 plane
653 2674 682 2726 te
705 2670 785 2726 illum
808 2687 872 2728 csse
896 2669 1031 2740 arbitror,
1056 2687 1141 2743 quem

231 2760 364 2820 dominus
386 2763 585 2834 praedicabat.
611 2765 672 2822 Fac
692 2765 789 2836 igitur,
813 2769 845 2822 ut
860 2765 976 2823 litterae
992 2766 1139 2837 magistris

179 2873 209 2916 25
231 2857 339 2913 nostris
364 2859 582 2930 consignentur3
613 2863 643 2916 et
669 2876 723 2931 ego
746 2877 918 2932 responsum
939 2859 1044 2928 feram,
1073 2878 1140 2918 nam

230 2967 275 3007 me
297 2955 330 3006 ut
352 2951 545 3010 accelerarem
566 2953 659 3010 iussit.

273 3052 424 3111 Rubeus
448 3053 576 3126 Dignum
591 3061 621 3112 ct
635 3056 743 3114 iustum
755 3062 813 3130 est;
830 3058 877 3116 hic
892 3059 982 3131 igitur
994 3060 1137 3132 opperire,

231 3146 324 3204 donec
353 3153 456 3206 cuncta
483 3150 656 3222 transigam3
692 3152 875 3210 commodum
903 3155 1010 3211 etenim
1039 3159 1139 3226 patres

231 3242 390 3314 conscripti
413 3245 581 3316 congregati
604 3249 679 3315 suut,
702 3251 736 3303 ut
751 3247 787 3304 de
802 3246 971 3306 Lutherano
988 3249 1141 3306 consulant

178 3352 207 3396 ao
229 3337 357 3409 negotio,
375 3337 518 3410 siquidem
529 3338 819 3414 Brandenburgensis
832 3343 986 3415 episcopus
1000 3361 1139 3424 χειρουρ-

228 3425 288 3503 γόν
310 3432 453 3503 quendam
479 3433 536 3490 huc
558 3435 646 3508 misit,
671 3436 719 3508 qui
741 3436 783 3494 ita
797 3436 958 3495 Lutherum
980 3439 1010 3496 in
1025 3438 1138 3498 favillas

165 3580 369 3593 ———

209 3661 251 3694 20‘·
273 3662 361 3732 Quam
379 3667 485 3734 gaudeo
505 3672 532 3720 et
551 3668 646 3724 laetor.
