2660 4140
205 221 246 279 34
530 235 642 282 somus
663 233 854 282 nnnonsrvs

291 410 433 469 Eckius.
457 411 562 470 Nonne
578 412 668 484 igitur
683 413 897 486 Pythagoricus
913 413 961 470 ille
977 413 1181 486 quaternarius

246 504 369 564 melior?

291 609 494 683 Chirurgus.
520 609 709 683 septenarius
732 611 787 668 tibi
810 612 1038 669 convenientior.

289 713 412 770 Amici.
437 713 493 784 En,
517 717 550 771 ut
571 713 691 804 iussisti,
716 713 823 771 adsunt
844 712 989 771 fustuarii.

218 833 232 876 u
291 815 498 888 Chirurgus.
524 816 609 874 Hunc
624 817 722 890 igitur,
745 817 874 887 iuvenes,
898 817 969 874 mihi
988 815 1113 875 fustibus
1131 817 1179 875 de-

247 911 359 983 dolate3
387 927 455 968 nam
478 927 543 968 cum
564 911 691 984 undique
714 912 871 984 angulosus
895 913 934 968 sit
956 917 986 970 et
1007 913 1178 985 inaequalis,
1275 984 1278 992 Ι

246 1011 313 1064 ante
337 1007 434 1064 omnia
457 1007 684 1078 complanandus
708 1007 772 1064 erit.

286 1107 429 1166 Eckius.
454 1107 529 1175 Heu,
546 1108 612 1176 heu,
629 1109 715 1180 plane
730 1108 819 1180 periit
839 1107 957 1166 Vtinam
973 1108 1076 1166 saltem
1092 1101 1179 1184 ὁμώ-

247 1220 344 1280 νυμος
363 1203 411 1260 ille
431 1219 512 1260 meus
534 1202 660 1274 adesset,
677 1207 711 1260 ut
731 1203 834 1262 eodem
845 1203 949 1276 poculo
967 1219 1022 1275 quo
1040 1219 1093 1276 ego
1109 1202 1181 1261 bibo

204 1315 231 1358 ro
245 1297 373 1356 biberet.

287 1401 410 1458 Amici.
435 1399 607 1458 Scabiosum
622 1400 702 1457 illum
722 1399 795 1458 dicis
817 1399 971 1457 nobilitate
991 1398 1062 1458 ficta
1078 1417 1176 1473 super-

243 1496 371 1554 bientem
399 1495 478 1553 haud
501 1511 584 1552 secus
612 1511 647 1552 ac
669 1501 702 1552 tu
724 1495 898 1552 canonicatu
919 1495 968 1552 illo
991 1495 1173 1568 imaginario,

244 1587 301 1649 τὸν
323 1585 454 1664 φθόνον
476 1583 594 1647 aaran?

285 1693 427 1751 Eckius.
452 1687 651 1751 Ἆυτότατον.
676 1691 733 1750 Sed
756 1692 975 1765 nunquidnam
998 1693 1069 1750 satis
1086 1693 1174 1751 dedo-

201 1789 318 1850 relatus
342 1785 425 1846 sum?

287 1891 489 1963 Chirurgus.
519 1889 616 1962 Aliqui
639 1890 734 1948 adhuc
756 1888 949 1962 protuberent
972 1891 1077 1962 angusti,
1102 1907 1172 1963 qnos

243 1987 422 2059 complanari
433 2002 520 2058 posse
531 1985 671 2056 suspicor,
685 1985 710 2042 si
726 1984 820 2042 solum
831 1984 926 2042 adhuc
938 1969 1187 2058 vigintiquinque

242 2083 352 2140 viritim
375 2081 523 2152 acceperis
547 2078 678 2136 verbera.

285 2184 428 2242 Eckius.
443 2176 479 2239 Ὠ
494 2177 564 2250 ’ναξ
573 2174 734 2239 Ἄπολλον
750 2177 804 2238 καὶ
820 2179 902 2250 θεοί,
919 2186 979 2238 ποῖ
992 2199 1039 2250 τις
1054 2175 1171 2260 odron?

199 2299 228 2342 ao
244 2280 275 2338 Si
298 2280 403 2338 decern.
422 2293 573 2348 accepero,
597 2275 682 2348 plane
698 2277 781 2348 perii,
805 2276 911 2334 nedum
929 2281 1044 2334 centum
1060 2281 1174 2350 septua-

240 2377 322 2449 ginta
343 2373 476 2447 quinque.

285 2477 491 2547 Chirurgus,
507 2468 637 2549 Ἀνέχου
652 2469 707 2530 καὶ
722 2467 853 2550 ἀπέχου,
871 2475 919 2531 vix
935 2473 1031 2532 adhuc
1042 2475 1115 2533 hora
1131 2476 1172 2534 di·

240 2573 331 2630 midia
353 2569 504 2642 pugnabis.

282 2673 424 2730 Eckius.
442 2671 571 2743 Egregia
582 2669 715 2742 profecto
727 2687 837 2742 pugna:
853 2689 927 2728 unus
938 2671 1054 2744 patiens
1069 2677 1170 2731 contra

197 2789 225 2831 as
242 2773 354 2841 septem
369 2771 497 2840 agentes.

283 2863 485 2932 Chirurgus.
510 2859 594 2929 Quid,
620 2859 644 2916 si
667 2863 697 2917 te
720 2875 832 2932 quoquc
856 2877 944 2933 agere
967 2859 1147 2920 ostendero?

282 2957 423 3016 Eckius.
448 2953 579 3012 Vtinam!
605 2947 650 3012 Οὐ
672 2949 734 3032 γὰρ
756 2951 885 3024 πείσεις,
908 2947 975 3013 οὐδ’
995 2949 1034 3034 ἢν
1049 2953 1169 3036 πείσῃς.

276 3178 286 3210 ⁶
305 3176 401 3230 Ilcket.

275 3256 285 3288 ⁸
304 3251 486 3322 Cognominis.

264 3333 286 3367 ¹³
304 3329 440 3386 Invidiam
457 3328 553 3395 ipsam.

264 3411 286 3442 ¹⁴
304 3407 482 3476 Ipsissimam.

265 3487 286 3520 ¹⁹
304 3487 365 3540 Rex
383 3483 483 3552 Apollo
503 3489 531 3536 et
549 3482 596 3549 dii,
615 3497 667 3548 quo
686 3483 747 3548 quis
765 3483 878 3552 fugiat?

263 3564 285 3597 ²²
304 3561 418 3616 Sustine
437 3565 465 3614 et
482 3567 585 3628 patere.

262 3642 285 3674 2⁷
302 3641 362 3694 Non
383 3637 455 3692 enim
474 3636 658 3704 persuadebis,
678 3652 765 3704 neque
784 3639 807 3692 si
825 3640 999 3707 persuadeas.
